2348 4748
395 396 406 435 s
551 431 555 441 .

308 574 314 583 '
363 514 550 686 dpis'lolae.
838 579 921 679 285

126 750 257 853 tliqnid
281 750 402 835 lucere
421 751 628 853 deprehensi
658 744 815 843 suerint,
841 760 1097 862 cor-potstpgr

126 868 289 955 rporteut.
306 908 332 943 „
383 854 444 932 Ad
472 856 566 932 hanc
591 853 795 953 respondet,
820 854 1037 953 quoduam·
1120 920 1126 931 .

126 980 161 1028 ur
185 954 395 1042 conveniet,
441 967 482 1032 ut
514 953 699 1032 inferiores
730 955 914 1053 increpent
971 961 1001 1009 ¹·
1016 954 1051 1037 ³·

126 1078 196 1139 ree,
214 1050 339 1131 samull
363 1054 547 1131 domnum
565 1107 576 1143 ,
602 1053 849 1130 adolescentuli
865 1053 916 1130 se·

132 1188 145 1241 ,
172 1152 234 1229 filli
257 1162 405 1251 putrem.
481 1152 556 1241 „Sl
573 1153 653 1248 quis
684 1153 779 1231 forte
805 1153 915 1231 'ctiam

132 1252 340 1339 Diaconos,
373 1252 605 1337 Sacerdotes,
632 1254 669 1328 dr
703 1252 917 1329 Praesulese

126 1376 145 1425 o
170 1350 357 1439 uberrnrit,
383 1352 448 1427 isa
463 1352 586 1430 senilis
610 1351 660 1427 sui
684 1346 819 1427 ordinis
843 1373 917 1427 cor·

126 1473 173 1538 rr,
198 1448 244 1525 src
259 1472 378 1549 neque
392 1451 481 1528 ordo
498 1450 613 1527 ordini
635 1451 916 1551 permiscebitur,
986 1492 989 1497 ·

126 1549 189 1625 rin
204 1550 330 1627 ordine
354 1550 508 1649 quisque
528 1550 610 1639 suo,
636 1552 673 1629 dr
697 1547 814 1625 officio
834 1564 915 1633 ver·
1040 1648 1045 1661 Ι

126 1672 152 1727 r.

137 1842 262 1945 Pergit
282 1844 321 1922 S,
337 1828 527 1945 Dionysiui'r
551 1846 599 1923 ed
624 1834 817 1925 immunem
832 1848 908 1923 nio·
928 1832 1080 1921 Percuteret

126 1945 293 2044 emophili
308 1948 523 2044 procedendi
537 1960 661 2027 contra
685 1962 909 2043 peccatorem
926 1918 1091 2040 ¹?{ll'0ril'2

126 2058 241 2133 utem,
268 2048 305 2121 dr
323 2046 385 2123 ait.
430 2046 573 2136 „Porro
592 2047 639 2123 de
653 2047 764 2143 ilicpin
781 2047 907 2134 virum,
922 2024 1091 2169 mix

126 2170 160 2231 r,
183 2143 354 2244 impium,
380 2168 422 2220 ac
448 2147 625 2244 perditum
650 2128 1092 2272 immmenitateupnssm

142 2266 217 2341 quo
240 2244 329 2320 lietu
355 2246 520 2343 plangum
550 2243 798 2348 contritionem
822 2242 905 2319 dile·
922 2277 1011 2343 m,

127 2340 140 2417 i
157 2344 260 2420 mei..
277 2398 287 2419 .
313 2341 512 2441 Numquid
531 2344 663 2442 duplici
686 2354 846 2442 peccato,
866 2354 909 2419 ut

126 2464 152 2515 ,α
166 2443 378 2541 loquuntur,
403 2442 593 2539 impiorum
614 2465 713 2518 more
736 2441 911 2540 delinqui·

135 2541 223 2615 dum
254 2542 466 2630 nescientes,
495 2542 532 2617 in
569 2566 642 2640 quo
676 2541 910 2629 offendimus,

126 2641 249 2738 etipsos
271 2641 409 2738 insuper
446 2641 695 2736 justificamus,
719 2654 907 2737 putemus·

126 2764 160 2813 os
176 2739 298 2816 videro
324 2762 406 2816 cum
436 2741 582 2818 minime
604 2742 815 2819 videamus?
839 2768 855 2813 .·
870 2790 908 2814 ..

126 2838 191 2913 tibi
208 2852 347 2916 certum
364 2838 427 2923 fit,
458 2838 520 2917 nili
550 2856 634 2915 tuas
671 2838 742 2938 ipse
770 2838 909 2916 litterar

127 2962 186 3019 m,
219 2959 312 3035 quas
342 2938 478 3015 utinam
501 2938 658 3017 vidissem
699 2960 910 3035 nunquam,

134 3039 216 3112 sene
230 3038 311 3114 ullis
327 3039 546 3136 argumentis
562 3040 608 3112 de
623 3051 660 3112 te
676 3038 713 3112 id
728 3037 816 3113 mihi
834 3058 911 3134 per-

126 3149 178 3223 et,
204 3150 246 3212 ut
270 3137 471 3223 crederem,
491 3138 742 3236 Demophilum
756 3160 827 3211 nou
854 3156 910 3229 ur·

126 3236 132 3311 l
154 3236 319 3312 Deumin
341 3258 467 3311 omnes
483 3237 635 3323 bonurn,
660 3260 703 3311 ac
717 3236 911 3331 benignum

131 3333 267 3431 sibique
291 3350 419 3432 putare
452 3336 519 3411 Dei
545 3336 743 3411 miserantis
766 3348 831 3409 eut
848 3332 911 3409 sul·

126 3434 260 3530 rgratio
283 3458 354 3509 non
373 3457 466 3532 opus
485 3433 571 3521 else,
597 3435 756 3531 quinimo
784 3434 912 3507 Sacer·

135 3532 351 3631 degradare,
374 3535 435 3630 qui
461 3547 666 3625 meruerunt
686 3556 749 3632 pro
771 3534 831 3608 sua
849 3532 912 3606 be·

126 3648 185 3707 ate
206 3633 319 3728 plebis
346 3633 563 3728 ignorantias
593 3634 770 3716 tolerare,
803 3632 917 3728 probe

126 3732 288 3819 scentes,
320 3734 488 3830 quoniam
528 3734 567 3807 dt
606 3730 666 3828 ipsi
704 3730 914 3809 circumdati

126 3832 319 3908 rlirmitate.
337 3885 401 3919 ..„
456 3831 592 3905 Deinde
602 3831 765 3928 proponit
786 3830 834 3904 illi
852 3854 915 3903 ex-

126 3955 136 4004 r
159 3930 286 4004 Christi
299 3930 558 4006 mansuetillirni
575 3930 720 4025 pastoris
740 3933 840 4031 loun.
857 3955 912 4004 ro.

131 4030 219 4105 Luc.
241 4050 296 4124 15.
319 4055 352 4108 v·
371 4038 404 4108 d·
434 4030 520 4107 Luc.
543 4034 600 4123 23.
617 4055 650 4110 v.
668 4055 727 4127 34.
776 4028 862 4101 luc.
876 4050 912 4113 o.

806 4150 838 4204 r.
852 4148 913 4221 54.
