2392 4674
728 328 738 343 Ο

138 532 309 652 apaan
336 540 387 627 aa
409 488 778 661 arianida*
861 566 918 659 97

94 729 207 799 ntem
230 723 398 815 fertatur,
424 726 525 823 regni
562 727 631 803 Dei
663 725 917 805 haereditatem

94 822 339 918 consequitur.
380 886 388 901 ,
411 825 564 917 Operam
595 824 704 923 igitur
725 825 845 917 detis,
874 840 917 903 ut

94 920 322 998 Eucharistie
344 923 506 999 utamini.
553 924 633 1001 Una
653 925 749 1003 enim
765 925 816 1003 est
832 942 916 1002 uero
928 945 993 1014 SS.
1024 952 1093 1021 lt·-

97 1020 154 1093 ini
172 1019 282 1113 nostri
309 1020 389 1121 Jesu
411 1022 559 1111 Chriiii,
586 1026 624 1099 dt
650 1047 744 1099 unus
760 1025 851 1100 caiix
876 1025 1069 1117 iniuriare

94 1132 183 1193 item
206 1118 384 1216 sanguinis
400 1119 524 1216 ipsius:
541 1145 654 1199 unum
668 1125 802 1209 altare,
828 1120 916 1201 sicut
967 1140 997 1185 ¹¹·
1017 1138 1050 1203 4·

94 1244 97 1281 ι
122 1215 346 1314 Episcopus,
371 1243 453 1295 curn
472 1220 697 1316 presbyterio
723 1226 760 1297 dr
785 1219 914 1297 Diaeu-

96 1316 264 1392 onservis
296 1315 407 1404 meis,
433 1332 474 1395 ut
493 1324 592 1417 quud
621 1318 761 1409 facitis,
795 1321 916 1398 ierun-

111 1415 237 1491 Deum
260 1412 411 1492 faciatis.

94 1582 117 1653 i.
148 1556 204 1632 Ut
226 1573 349 1632 antem
375 1558 642 1657 philadelphios
667 1558 826 1659 aptatis
849 1560 914 1637 do·
927 1579 963 1646 s,
980 1582 1066 1651 sm.

94 1676 167 1729 ren
190 1656 306 1752 magis
331 1659 508 1745 abducat,
534 1659 807 1739 venerationem
830 1670 1091 1757 ergaptmadd·

94 1754 241 1851 ipturas
267 1771 343 1831 tam
367 1755 507 1834 Veteris
530 1780 637 1856 quam
676 1758 759 1838 novi
797 1757 912 1835 Teia·
925 1748 1059 1827 &riw-

106 1852 165 1929 eis
185 1854 422 1929 commendat.
480 1857 530 1932 Et
553 1856 697 1954 quidem
720 1848 768 1932 de
781 1854 906 1934 Veteri

94 1968 212 2027 nento
227 1953 279 2026 ita
292 1953 426 2028 scribit:
466 1956 572 2041 „Sed
596 1958 632 2031 dt
647 1954 845 2053 Prophetas
859 1956 914 2034 di-

94 2074 185 2139 une,
213 2064 400 2147 propterea
417 2054 513 2150 quod
535 2056 571 2130 dt
598 2052 659 2151 ipsi
677 2055 911 2151 Evangeiiutn

94 2149 318 2236 inflaverint,
353 2153 390 2227 dt
415 2151 452 2226 iu
475 2153 650 2229 Christum
677 2151 909 2246 speraverint,

94 2252 179 2323 ium
195 2249 477 2342 enuntiaverint,
508 2253 545 2326 in
562 2276 633 2346 quo
659 2254 695 2326 dr
723 2252 909 2325 credentes

94 2370 155 2422 em
173 2348 350 2423 consecuti
363 2349 439 2424 sunt
463 2351 498 2423 in
519 2351 656 2424 unitate
672 2349 750 2447 Jeiu
771 2347 910 2436 Christi,

116 2445 231 2521 effeut
271 2447 375 2524 inniti
407 2472 557 2535 amore,
603 2451 640 2523 dr
677 2447 913 2523 admiratione

94 2545 125 2634 i,
152 2569 176 2618 a
198 2544 278 2643 Jeiu
292 2546 430 2620 Christo
459 2546 694 2623 testimonium
713 2547 844 2646 adepti,
872 2548 911 2623 dr

94 2644 257 2722 rumerari
289 2644 326 2717 in
354 2646 546 2741 Evangelio
587 2646 657 2741 ipei
698 2645 909 2721 communis.

94 2744 268 2820 isautem
284 2742 506 2840 judaismum
530 2744 632 2824 vobis
656 2757 836 2841 exponat,
862 2768 908 2818 na
922 2744 1059 2848 Μία·
1080 2744 1083 2753 ’

94 2841 312 2937 meipsum,
347 2844 473 2918 melius
495 2844 544 2918 est
568 2844 706 2919 anima
732 2843 808 2920 viru
842 2842 1083 2917 dammi*

94 2940 260 3017 aidonem
279 2944 432 3017 habente
453 2943 745 3017 christianismum
764 2940 906 3026 audire,
921 2915 987 2981 ‘¹¹⁴⁸‘

94 3065 116 3117 u
141 3041 189 3115 ab
216 3039 372 3115 habente
413 3042 649 3136 praeputium,
674 3040 909 3137 Judaisrnurn.

94 3152 194 3215 utern
214 3138 354 3235 utrique
370 3139 415 3213 de
436 3140 659 3236 JesuChriiiu
677 3164 747 3213 non
763 3140 910 3237 loquan-

116 3238 172 3312 iiii
191 3238 278 3312 mihi
295 3240 470 3312 columnae
487 3239 732 3337 sapuerimus,
759 3240 796 3314 du
813 3256 908 3311 mor·

94 3361 154 3411 urn
186 3337 264 3410 sunt
285 3350 535 3425 monumenta,
567 3338 696 3435 quibus
723 3334 909 3413 huminum

94 3438 154 3512 ina
173 3436 347 3511 duntaxat
364 3435 523 3534 inscripta
544 3438 633 3512 sunt.

94 3605 116 3670 5.
146 3581 304 3655 Ulterius
331 3583 550 3676 progreditur
580 3581 619 3657 S.
643 3579 828 3677 ignatius,
869 3580 1083 3682 &denegem
1163 3654 1167 3673 ,

111 3680 250 3754 inciens
276 3681 322 3752 de
357 3681 569 3777 Evangelio,
602 3682 639 3756 ἃ
658 3679 792 3777 scriptis
810 3678 905 3775 Apu
916 3679 1057 3747 Meri·

94 3804 150 3853 rm
175 3782 255 3853 ait:
287 3776 483 3863 .‚‚Obiecro
505 3796 625 3853 autern
648 3803 712 3855 vos
738 3776 823 3854 nihii
844 3773 975 3874 perius-

95 3880 281 3952 entionem
297 3877 437 3965 iacere,
470 3879 527 3954 sed
543 3878 645 3973 juxta
669 3876 796 3954 Christi
810 3876 908 3952 disci·
958 3868 987 3913 '¹‘
999 3858 1030 3921 ⁸·

94 4000 152 4051 un.
207 3975 503 4072 Quandoquidem
528 3978 647 4054 audivi
663 3976 837 4071 quosdam
858 3976 911 4049 di·

94 4108 157 4155 rum
173 4084 313 4171 Anulyfir
327 4087 442 4153 Yomd.
649 4077 683 4151 G
802 4096 911 4161 „can
