2392 4674
201 564 222 619 .·
306 560 334 595 ··
425 522 615 651 Epistola.
729 536 749 553 ”
888 542 975 653 282
1124 640 1133 657 ,

102 716 227 811 bdedi,
261 720 454 819 quemdam
479 721 621 799 iidelem
649 717 698 799 ad
727 708 975 801 infidelitatem
1007 740 1034 775 '·
1109 726 1139 821 f

102 822 277 909 incente,
299 822 505 899 vehementi
528 822 683 921 quadam
713 820 971 920 indignatione,
1090 872 1095 881 -

125 920 368 997 amaritudine
393 936 566 1017 conrepta
590 920 972 1009 oberenmunester

102 1020 320 1115 edinruuero
337 1023 495 1109 nollem,-

102 1134 225 1203 rmnos
258 1117 425 1217 evigilare
444 1045 700 1209 consueverat,
723 1120 817 1197 stans
840 1120 887 1195 ad
917 1117 973 1199 dl·

102 1242 151 1295 ua
165 1218 342 1319 colloquia
355 1241 428 1294 non
446 1219 541 1297 llatis
565 1210 722 1319 religiose
746 1218 969 1309 tristabatur,

102 1315 295 1417 leuiterque
311 1317 468 1406 serebat,
493 1320 655 1415 iniquum
670 1317 738 1395 elie
752 1317 887 1409 dicens,
902 1319 971 1396 im·

102 1440 146 1494 os
163 1418 285 1495 adbuc
301 1416 487 1506 homines,
514 1419 698 1517 redasque
722 1417 868 1509 Domini
890 1418 974 1499 aiau

102 1528 316 1597 evertentes
330 1516 470 1601 viveres
496 1520 534 1594 dr
556 1520 638 1594 haec
656 1518 781 1593 disens
803 1518 971 1615 precaba-

102 1616 283 1703 oneum,
307 1628 351 1693 ut
365 1616 470 1694 semel
486 1616 671 1694 amborum
689 1617 800 1695 vitam
814 1614 971 1715 fulgetra

102 1714 239 1815 inpiam
258 1714 578 1793 immisericorditer
595 1717 832 1815 abrumperet.
898 1716 972 1795 His

104 1816 173 1895 tris
188 1827 337 1915 repente
357 1815 526 1894 sevidisse
545 1814 721 1892 referebat
744 1816 905 1906 domurn,
929 1814 969 1893 in
1056 1854 1060 1861 ·
1180 1860 1186 1869 -

102 1938 141 1991 ua
162 1912 388 2001 consistebat,
408 1913 569 1991 bifariam
591 1915 756 2003 divisam,
777 1916 816 1991 dr
842 1936 969 2013 quem·
1029 1984 1032 1991 .

102 2036 154 2091 rm
176 2026 262 2090 ante
280 2014 315 2090 se
340 2014 495 2111 ingentis
518 2014 662 2091 luminis
687 2036 814 2115 rugum
834 2008 968 2089 ecoeio

102 2112 168 2189 lse
191 2136 307 2211 usque
331 2113 510 2200 delatum,
543 2115 677 2190 coeiunr
709 2125 830 2188 eutem
855 2110 970 2209 ipsum

102 2223 250 2299 mnam,
277 2215 313 2289 dr
335 2212 372 2289 in
400 2212 483 2290 noeli
505 2213 648 2288 cardine
668 2212 784 2309 Jesum
807 2213 971 2287 innume-

102 2312 190 2388 silli
216 2312 376 2390 humana
405 2311 517 2407 specie
552 2313 700 2411 Angelis
739 2310 971 2387 adstantibus.

102 2434 181 2487 orro
199 2411 360 2489 deorsum
377 2412 602 2509 respeilando
629 2410 769 2509 Carpus
789 2409 823 2486 se
848 2406 970 2487 vidisse

102 2508 266 2596 serebat,
288 2512 399 2605 ipsum
422 2534 566 2609 quoque
589 2511 834 2610 pavimentum
866 2508 982 2586 inliar'

102 2610 180 2687 aliae
199 2606 400 2705 cujusdam,
418 2610 808 2709 tenebricofiffimaeque
834 2607 972 2706 voragi-

102 2712 125 2785 is
141 2707 311 2797 diffisum,
335 2709 483 2809 illosque
501 2708 616 2797 viros,
642 2732 734 2810 quos
753 2708 839 2786 diris
861 2706 972 2788 devo·

102 2819 187 2896 erat,
215 2822 299 2883 ante
309 2808 343 2883 le
352 2809 397 2883 ad
408 2832 449 2883 os
458 2808 636 2907 voraginis
651 2821 846 2887 trementes
862 2810 972 2897 liare,

102 2933 111 2983 r
154 2906 405 2997 miserabiles,
470 2920 654 3005 tamquam
685 2908 759 3005 jann
792 2930 870 3005 prae
911 2932 974 3003 pe·

102 3028 160 3085 um
185 3006 387 3085 lubricitate
426 3009 661 3101 collapsuros:
698 3006 827 3084 inserui
850 3016 973 3082 autem

107 3106 281 3203 voragine
299 3106 476 3206 serpentes
492 3130 673 3204 emergere
686 3109 865 3183 cernebat.
881 3103 975 3181 cirea
1079 3122 1084 3133 '

102 3230 146 3281 im
173 3208 297 3281 labiles
328 3230 451 3281 eorum
475 3208 605 3304 pedes,
640 3209 748 3282 modo
769 3205 914 3304 quidem
936 3204 975 3280 in

102 3326 204 3403 prum
218 3306 341 3392 alios,
367 3306 611 3403 omnibusque·
622 3307 740 3381 modis
766 3328 832 3379 eos
854 3302 892 3378 in
912 3326 977 3380 vo·

102 3406 233 3503 iginem
247 3405 450 3501 praecipites
466 3404 551 3480 dare
568 3408 768 3493 molientes,
797 3402 897 3479 suilie
913 3426 998 3477 au··

102 3528 147 3581 rm
177 3506 216 3580 dt
234 3504 330 3581 viros
345 3504 521 3602 quosdam
538 3504 574 3579 in
593 3505 732 3591 medio,
773 3503 834 3601 qui
852 3503 978 3581 adver·

102 3630 131 3683 ts
152 3612 311 3679 eo'svuna
327 3628 410 3679 eum
437 3603 656 3700 serpentibus
677 3605 851 3702 impeturn
881 3598 979 3675 sace·

102 3716 175 3791 ent,
202 3703 294 3781 ursos
313 3715 433 3778 antem
449 3703 526 3778 illos
542 3702 639 3780 viros
656 3702 766 3803 lapsui
789 3700 978 3799 appropin-

102 3824 206 3891 nare‚
232 3803 361 3902 partim
383 3802 528 3898 quidem
554 3802 706 3889 invitos,
741 3802 867 3899 partim
892 3825 979 3875 vero

102 3914 197 3978 onte
229 3903 362 3977 amalo
394 3905 443 3976 ita
469 3899 588 3975 sensim
624 3902 785 3989 constes,
810 3906 847 3977 dr
878 3896 979 3975 simul

102 3999 268 4082 ersuaios.
317 3998 415 4079 Cum
426 4021 512 4085 tero
522 4000 662 4102 carpus
677 4003 850 4101 graviter,
874 4000 980 4173 cfiin-
1080 4032 1086 4056 ι

763 4109 769 4119 ’
845 4145 871 4187 ar
910 4118 981 4197 8¹¹0

531 1046 577 1097 uo
587 1034 750 1120 ternpore
763 1020 810 1097 ad
826 1020 971 1101 divinos
