<?xml version="1.0" encoding="UTF-8"?>
<!DOCTYPE html PUBLIC "-//W3C//DTD XHTML 1.0 Transitional//EN"
    "http://www.w3.org/TR/xhtml1/DTD/xhtml1-transitional.dtd">
<html xmlns="http://www.w3.org/1999/xhtml" xml:lang="en" lang="en">
 <head>
  <title>
</title>
<meta http-equiv="Content-Type" content="text/html;charset=utf-8" />
  <meta name='ocr-system' content='tesseract 3.04.00' />
  <meta name='ocr-capabilities' content='ocr_page ocr_carea ocr_par ocr_line ocrx_word'/>
</head>
<body>
  <div class='ocr_page' id='page_1' title='image "./analysisoperums00schrgoog_0393.png"; bbox 0 0 2392 4674; ppageno 0'>
   <div class='ocr_carea' id='block_1_1' title="bbox 304 470 935 678">
    <p class='ocr_par' dir='ltr' id='par_1_1' title="bbox 304 470 935 678">
     <span class='ocr_line' id='line_1_1' title="bbox 304 470 935 678; baseline 0.011 -53"><span class='ocrx_word' id='word_1_1' title='bbox 304 536 367 625; x_wconf 87' lang='lat' dir='ltr'>De</span> <span class='ocrx_word' id='word_1_2' title='bbox 395 470 641 631; x_wconf 71' lang='lat' dir='ltr'>Mrnnrcbie.</span> <span class='ocrx_word' id='word_1_3' title='bbox 754 670 757 678; x_wconf 90' lang='lat'>.</span> <span class='ocrx_word' id='word_1_4' title='bbox 849 556 935 651; x_wconf 71' lang='lat' dir='ltr'>m</span> 
     </span>
    </p>
   </div>
   <div class='ocr_carea' id='block_1_2' title="bbox 101 716 1088 3992">
    <p class='ocr_par' dir='ltr' id='par_1_2' title="bbox 101 716 1088 3992">
     <span class='ocr_line' id='line_1_2' title="bbox 103 716 955 840; baseline 0.002 -45"><span class='ocrx_word' id='word_1_5' title='bbox 103 742 334 819; x_wconf 79' lang='lat' dir='ltr'>rrecnrcere,</span> <span class='ocrx_word' id='word_1_6' title='bbox 358 725 462 823; x_wconf 87' lang='lat' dir='ltr'>seque</span> <span class='ocrx_word' id='word_1_7' title='bbox 477 722 589 840; x_wconf 79' lang='lat' dir='ltr'>ipsum</span> <span class='ocrx_word' id='word_1_8' title='bbox 601 717 808 821; x_wconf 78' lang='lat' dir='ltr'>prudentiae</span> <span class='ocrx_word' id='word_1_9' title='bbox 820 717 867 797; x_wconf 82' lang='lat' dir='ltr'>ed</span> <span class='ocrx_word' id='word_1_10' title='bbox 878 716 955 797; x_wconf 65' lang='lat' dir='ltr'>iv·</span> 
     </span>
     <span class='ocr_line' id='line_1_3' title="bbox 103 812 934 921; baseline -0.001 -29"><span class='ocrx_word' id='word_1_11' title='bbox 103 844 148 896; x_wconf 86' lang='lat' dir='ltr'>un</span> <span class='ocrx_word' id='word_1_12' title='bbox 166 825 324 911; x_wconf 76' lang='lat' dir='ltr'>tradere,</span> <span class='ocrx_word' id='word_1_13' title='bbox 350 846 393 900; x_wconf 85' lang='lat' dir='ltr'>ac</span> <span class='ocrx_word' id='word_1_14' title='bbox 414 824 561 901; x_wconf 78' lang='lat' dir='ltr'>menore</span> <span class='ocrx_word' id='word_1_15' title='bbox 586 842 650 921; x_wconf 89' lang='lat' dir='ltr'>pro</span> <span class='ocrx_word' id='word_1_16' title='bbox 670 818 773 898; x_wconf 82' lang='lat' dir='ltr'>infito</span> <span class='ocrx_word' id='word_1_17' title='bbox 798 812 934 895; x_wconf 82' lang='lat' dir='ltr'>bamini</span> 
     </span>
     <span class='ocr_line' id='line_1_4' title="bbox 103 914 1076 1018; baseline 0 -24"><span class='ocrx_word' id='word_1_18' title='bbox 103 920 183 997; x_wconf 82' lang='lat' dir='ltr'>itric</span> <span class='ocrx_word' id='word_1_19' title='bbox 206 924 252 999; x_wconf 86' lang='lat' dir='ltr'>eii</span> <span class='ocrx_word' id='word_1_20' title='bbox 277 946 356 1009; x_wconf 89' lang='lat' dir='ltr'>ere,</span> <span class='ocrx_word' id='word_1_21' title='bbox 382 948 455 1000; x_wconf 90' lang='lat' dir='ltr'>non</span> <span class='ocrx_word' id='word_1_22' title='bbox 478 921 736 1001; x_wconf 78' lang='lat' dir='ltr'>existimantem</span> <span class='ocrx_word' id='word_1_23' title='bbox 759 942 845 1011; x_wconf 74' lang='lat' dir='ltr'>eon,</span> <span class='ocrx_word' id='word_1_24' title='bbox 871 914 936 1018; x_wconf 84' lang='lat' dir='ltr'>qui</span> <span class='ocrx_word' id='word_1_25' title='bbox 1072 996 1076 1011; x_wconf 76' lang='grc'>,</span> 
     </span>
     <span class='ocr_line' id='line_1_5' title="bbox 103 948 935 1107; baseline -0.001 -14"><span class='ocrx_word' id='word_1_26' title='bbox 103 1021 206 1097; x_wconf 82' lang='lat' dir='ltr'>nenia</span> <span class='ocrx_word' id='word_1_27' title='bbox 231 948 476 1103; x_wconf 46' lang='lat' dir='ltr'>affectionibus</span> <span class='ocrx_word' id='word_1_28' title='bbox 502 1020 648 1100; x_wconf 85' lang='lat' dir='ltr'>obnoxii</span> <span class='ocrx_word' id='word_1_29' title='bbox 670 1021 769 1107; x_wconf 83' lang='lat' dir='ltr'>sunt,</span> <span class='ocrx_word' id='word_1_30' title='bbox 794 1020 935 1101; x_wconf 80' lang='lat' dir='ltr'>univer·</span> 
     </span>
     <span class='ocr_line' id='line_1_6' title="bbox 103 1120 937 1221; baseline -0.002 -25"><span class='ocrx_word' id='word_1_31' title='bbox 103 1142 154 1196; x_wconf 81' lang='lat' dir='ltr'>um</span> <span class='ocrx_word' id='word_1_32' title='bbox 176 1120 341 1199; x_wconf 80' lang='lat' dir='ltr'>dominor</span> <span class='ocrx_word' id='word_1_33' title='bbox 371 1122 467 1211; x_wconf 69' lang='lat' dir='ltr'>eiier</span> <span class='ocrx_word' id='word_1_34' title='bbox 491 1121 624 1221; x_wconf 86' lang='lat' dir='ltr'>quippe</span> <span class='ocrx_word' id='word_1_35' title='bbox 646 1142 731 1197; x_wconf 87' lang='lat' dir='ltr'>cnm</span> <span class='ocrx_word' id='word_1_36' title='bbox 760 1138 812 1195; x_wconf 85' lang='lat' dir='ltr'>ne·</span> <span class='ocrx_word' id='word_1_37' title='bbox 833 1138 937 1218; x_wconf 77' lang='lat' dir='ltr'>peres</span> 
     </span>
     <span class='ocr_line' id='line_1_7' title="bbox 103 1216 937 1320; baseline -0.002 -25"><span class='ocrx_word' id='word_1_38' title='bbox 103 1217 182 1295; x_wconf 81' lang='lat' dir='ltr'>dem</span> <span class='ocrx_word' id='word_1_39' title='bbox 211 1220 414 1309; x_wconf 84' lang='lat' dir='ltr'>bominibus</span> <span class='ocrx_word' id='word_1_40' title='bbox 444 1221 767 1320; x_wconf 87' lang='lat' dir='ltr'>deprehendantur.</span> <span class='ocrx_word' id='word_1_41' title='bbox 842 1216 937 1294; x_wconf 79' lang='lat' dir='ltr'>Nem</span> 
     </span>
     <span class='ocr_line' id='line_1_8' title="bbox 102 1317 938 1417; baseline 0.002 -28"><span class='ocrx_word' id='word_1_42' title='bbox 102 1317 132 1390; x_wconf 75' lang='lat' dir='ltr'>:d</span> <span class='ocrx_word' id='word_1_43' title='bbox 158 1319 357 1401; x_wconf 81' lang='lat' dir='ltr'><strong>Homerum</strong></span> <span class='ocrx_word' id='word_1_44' title='bbox 376 1323 609 1399; x_wconf 77' lang='lat' dir='ltr'>Demodocus</span> <span class='ocrx_word' id='word_1_45' title='bbox 634 1320 669 1407; x_wconf 67' lang='lat' dir='ltr'>se,</span> <span class='ocrx_word' id='word_1_46' title='bbox 699 1317 852 1417; x_wconf 84' lang='lat' dir='ltr'>aieipsn</span> <span class='ocrx_word' id='word_1_47' title='bbox 872 1318 938 1392; x_wconf 78' lang='lat' dir='ltr'>do-</span> 
     </span>
     <span class='ocr_line' id='line_1_9' title="bbox 102 1416 1088 1507; baseline -0.009 -7"><span class='ocrx_word' id='word_1_48' title='bbox 102 1438 132 1500; x_wconf 70' lang='grc' dir='ltr'>«η</span> <span class='ocrx_word' id='word_1_49' title='bbox 145 1417 253 1507; x_wconf 88' lang='lat' dir='ltr'>dicit,</span> <span class='ocrx_word' id='word_1_50' title='bbox 278 1424 314 1497; x_wconf 81' lang='lat' dir='ltr'>bc</span> <span class='ocrx_word' id='word_1_51' title='bbox 331 1445 351 1494; x_wconf 92' lang='lat' dir='ltr'>a</span> <span class='ocrx_word' id='word_1_52' title='bbox 370 1422 447 1499; x_wconf 85' lang='lat' dir='ltr'>Dea</span> <span class='ocrx_word' id='word_1_53' title='bbox 464 1420 525 1498; x_wconf 84' lang='lat' dir='ltr'>libi</span> <span class='ocrx_word' id='word_1_54' title='bbox 539 1419 681 1499; x_wconf 71' lang='lat' dir='ltr'>afflator</span> <span class='ocrx_word' id='word_1_55' title='bbox 699 1416 770 1494; x_wconf 82' lang='lat' dir='ltr'>effe</span> <span class='ocrx_word' id='word_1_56' title='bbox 786 1429 937 1504; x_wconf 78' lang='lat' dir='ltr'>cantur,</span> <span class='ocrx_word' id='word_1_57' title='bbox 1083 1416 1088 1433; x_wconf 89' lang='lat'><em>&#39;</em></span> 
     </span>
     <span class='ocr_line' id='line_1_10' title="bbox 102 1516 938 1615; baseline 0.006 -28"><span class='ocrx_word' id='word_1_58' title='bbox 102 1517 204 1593; x_wconf 77' lang='lat' dir='ltr'>thiS</span> <span class='ocrx_word' id='word_1_59' title='bbox 226 1521 384 1598; x_wconf 80' lang='lat' dir='ltr'>mortalis</span> <span class='ocrx_word' id='word_1_60' title='bbox 408 1519 460 1597; x_wconf 82' lang='lat' dir='ltr'>stt</span> <span class='ocrx_word' id='word_1_61' title='bbox 511 1518 732 1615; x_wconf 79' lang='lat' dir='ltr'>AEiculapius</span> <span class='ocrx_word' id='word_1_62' title='bbox 752 1520 788 1597; x_wconf 80' lang='lat' dir='ltr'>br</span> <span class='ocrx_word' id='word_1_63' title='bbox 806 1516 938 1615; x_wconf 78' lang='lat' dir='ltr'><strong>Apollo</strong></span> 
     </span>
     <span class='ocr_line' id='line_1_11' title="bbox 102 1614 937 1704; baseline 0.011 -19"><span class='ocrx_word' id='word_1_64' title='bbox 102 1614 133 1691; x_wconf 72' lang='lat' dir='ltr'>:d</span> <span class='ocrx_word' id='word_1_65' title='bbox 155 1616 350 1693; x_wconf 81' lang='lat' dir='ltr'>Chironem</span> <span class='ocrx_word' id='word_1_66' title='bbox 375 1618 597 1697; x_wconf 75' lang='lat' dir='ltr'>Centaurum</span> <span class='ocrx_word' id='word_1_67' title='bbox 620 1616 757 1695; x_wconf 85' lang='lat' dir='ltr'>mederi</span> <span class='ocrx_word' id='word_1_68' title='bbox 776 1614 937 1704; x_wconf 77' lang='lat' dir='ltr'>discunt,</span> 
     </span>
     <span class='ocr_line' id='line_1_12' title="bbox 102 1714 938 1819; baseline 0.011 -35"><span class='ocrx_word' id='word_1_69' title='bbox 102 1714 134 1789; x_wconf 80' lang='lat' dir='ltr'>id</span> <span class='ocrx_word' id='word_1_70' title='bbox 151 1715 308 1793; x_wconf 81' lang='lat' dir='ltr'>maxime</span> <span class='ocrx_word' id='word_1_71' title='bbox 322 1741 455 1796; x_wconf 87' lang='lat' dir='ltr'>nouum</span> <span class='ocrx_word' id='word_1_72' title='bbox 469 1718 542 1809; x_wconf 81' lang='lat' dir='ltr'>est,</span> <span class='ocrx_word' id='word_1_73' title='bbox 562 1718 660 1819; x_wconf 84' lang='lat' dir='ltr'>apud</span> <span class='ocrx_word' id='word_1_74' title='bbox 673 1716 858 1811; x_wconf 82' lang='lat' dir='ltr'>bominem</span> <span class='ocrx_word' id='word_1_75' title='bbox 874 1714 938 1793; x_wconf 85' lang='lat' dir='ltr'>dii.</span> 
     </span>
     <span class='ocr_line' id='line_1_13' title="bbox 102 1813 937 1929; baseline 0.008 -42"><span class='ocrx_word' id='word_1_76' title='bbox 102 1813 132 1888; x_wconf 71' lang='lat' dir='ltr'>ud</span> <span class='ocrx_word' id='word_1_77' title='bbox 148 1815 247 1893; x_wconf 88' lang='lat' dir='ltr'>enim</span> <span class='ocrx_word' id='word_1_78' title='bbox 273 1817 320 1892; x_wconf 91' lang='lat' dir='ltr'>de</span> <span class='ocrx_word' id='word_1_79' title='bbox 341 1817 486 1908; x_wconf 80' lang='lat' dir='ltr'>Brccbo</span> <span class='ocrx_word' id='word_1_80' title='bbox 507 1840 726 1913; x_wconf 85' lang='lat' dir='ltr'>memorem,</span> <span class='ocrx_word' id='word_1_81' title='bbox 747 1840 857 1929; x_wconf 77' lang='lat' dir='ltr'>quem</span> <span class='ocrx_word' id='word_1_82' title='bbox 879 1814 937 1907; x_wconf 65' lang='lat' dir='ltr'>m·</span> 
     </span>
     <span class='ocr_line' id='line_1_14' title="bbox 102 1914 937 2017; baseline 0.023 -32"><span class='ocrx_word' id='word_1_83' title='bbox 102 1924 175 1991; x_wconf 85' lang='lat' dir='ltr'>tem</span> <span class='ocrx_word' id='word_1_84' title='bbox 203 1914 333 2002; x_wconf 86' lang='lat' dir='ltr'>Poeta,</span> <span class='ocrx_word' id='word_1_85' title='bbox 359 1929 424 1993; x_wconf 90' lang='lat' dir='ltr'>aut</span> <span class='ocrx_word' id='word_1_86' title='bbox 444 1918 492 1995; x_wconf 86' lang='lat' dir='ltr'>de</span> <span class='ocrx_word' id='word_1_87' title='bbox 513 1918 690 2008; x_wconf 79' lang='lat' dir='ltr'>Hercule,</span> <span class='ocrx_word' id='word_1_88' title='bbox 707 1938 823 2017; x_wconf 76' lang='lat' dir='ltr'>quem</span> <span class='ocrx_word' id='word_1_89' title='bbox 835 1916 937 2003; x_wconf 65' lang='lat' dir='ltr'>miser</span> 
     </span>
     <span class='ocr_line' id='line_1_15' title="bbox 102 2013 937 2100; baseline 0.01 -14"><span class='ocrx_word' id='word_1_90' title='bbox 102 2013 263 2091; x_wconf 75' lang='lat' dir='ltr'>ndiciti</span> <span class='ocrx_word' id='word_1_91' title='bbox 307 2015 404 2100; x_wconf 88' lang='lat' dir='ltr'>Quid</span> <span class='ocrx_word' id='word_1_92' title='bbox 427 2015 558 2095; x_wconf 81' lang='lat' dir='ltr'>attinet</span> <span class='ocrx_word' id='word_1_93' title='bbox 579 2016 735 2095; x_wconf 83' lang='lat' dir='ltr'>Martem</span> <span class='ocrx_word' id='word_1_94' title='bbox 763 2019 802 2097; x_wconf 80' lang='lat' dir='ltr'>br</span> <span class='ocrx_word' id='word_1_95' title='bbox 817 2014 937 2094; x_wconf 86' lang='lat' dir='ltr'>Vene-</span> 
     </span>
     <span class='ocr_line' id='line_1_16' title="bbox 102 2112 939 2217; baseline 0.008 -34"><span class='ocrx_word' id='word_1_96' title='bbox 102 2132 131 2199; x_wconf 85' lang='grc' dir='ltr'>ι,</span> <span class='ocrx_word' id='word_1_97' title='bbox 159 2112 272 2189; x_wconf 87' lang='lat' dir='ltr'>duces</span> <span class='ocrx_word' id='word_1_98' title='bbox 284 2112 364 2191; x_wconf 80' lang='lat' dir='ltr'>ilios</span> <span class='ocrx_word' id='word_1_99' title='bbox 377 2114 541 2193; x_wconf 84' lang='lat' dir='ltr'>adulterii</span> <span class='ocrx_word' id='word_1_100' title='bbox 554 2140 597 2192; x_wconf 85' lang='lat' dir='ltr'>ac</span> <span class='ocrx_word' id='word_1_101' title='bbox 610 2114 799 2217; x_wconf 77' lang='lat' dir='ltr'>principes,</span> <span class='ocrx_word' id='word_1_102' title='bbox 814 2136 939 2191; x_wconf 87' lang='lat' dir='ltr'>recen·</span> 
     </span>
     <span class='ocr_line' id='line_1_17' title="bbox 102 2213 939 2313; baseline 0 -27"><span class='ocrx_word' id='word_1_103' title='bbox 102 2236 128 2307; x_wconf 73' lang='lat' dir='ltr'>t,</span> <span class='ocrx_word' id='word_1_104' title='bbox 159 2214 198 2287; x_wconf 77' lang='lat' dir='ltr'>cir</span> <span class='ocrx_word' id='word_1_105' title='bbox 224 2236 270 2303; x_wconf 77' lang='lat' dir='ltr'>err</span> <span class='ocrx_word' id='word_1_106' title='bbox 294 2213 353 2291; x_wconf 83' lang='lat' dir='ltr'>bis</span> <span class='ocrx_word' id='word_1_107' title='bbox 385 2215 552 2292; x_wconf 76' lang='lat' dir='ltr'>omnibns</span> <span class='ocrx_word' id='word_1_108' title='bbox 574 2213 766 2313; x_wconf 81' lang='lat' dir='ltr'>susceptam</span> <span class='ocrx_word' id='word_1_109' title='bbox 790 2215 939 2291; x_wconf 61' lang='lat' dir='ltr'>demon,</span> 
     </span>
     <span class='ocr_line' id='line_1_18' title="bbox 102 2309 940 2492; baseline 0.011 -13"><span class='ocrx_word' id='word_1_110' title='bbox 102 2309 483 2487; x_wconf 49' lang='lat' dir='ltr'>innutriti</span> <span class='ocrx_word' id='word_1_111' title='bbox 499 2313 764 2492; x_wconf 54' lang='lat' dir='ltr'>,britti</span> <span class='ocrx_word' id='word_1_112' title='bbox 779 2334 940 2489; x_wconf 48' lang='lat'>35⁰3&amp;</span> 
     </span>
     <span class='ocr_line' id='line_1_19' title="bbox 102 2506 940 2608; baseline 0.01 -28"><span class='ocrx_word' id='word_1_113' title='bbox 102 2507 148 2591; x_wconf 66' lang='lat' dir='ltr'>it,</span> <span class='ocrx_word' id='word_1_114' title='bbox 174 2506 353 2600; x_wconf 87' lang='lat' dir='ltr'>imitetur,</span> <span class='ocrx_word' id='word_1_115' title='bbox 376 2511 409 2585; x_wconf 78' lang='lat' dir='ltr'>iu</span> <span class='ocrx_word' id='word_1_116' title='bbox 425 2513 544 2591; x_wconf 87' lang='lat' dir='ltr'>adbuc</span> <span class='ocrx_word' id='word_1_117' title='bbox 558 2511 739 2608; x_wconf 80' lang='lat' dir='ltr'>inpurus,</span> <span class='ocrx_word' id='word_1_118' title='bbox 760 2513 799 2591; x_wconf 77' lang='lat' dir='ltr'>be</span> <span class='ocrx_word' id='word_1_119' title='bbox 821 2532 844 2587; x_wconf 80' lang='lat' dir='ltr'>a</span> <span class='ocrx_word' id='word_1_120' title='bbox 863 2508 940 2589; x_wconf 80' lang='lat' dir='ltr'>vita</span> 
     </span>
     <span class='ocr_line' id='line_1_20' title="bbox 102 2608 943 2709; baseline 0.005 -27"><span class='ocrx_word' id='word_1_121' title='bbox 102 2608 322 2686; x_wconf 74' lang='lat' dir='ltr'>inmanitate</span> <span class='ocrx_word' id='word_1_122' title='bbox 352 2610 491 2692; x_wconf 81' lang='lat' dir='ltr'>alienus</span> <span class='ocrx_word' id='word_1_123' title='bbox 519 2608 748 2693; x_wconf 81' lang='lat' dir='ltr'>existimetur.</span> <span class='ocrx_word' id='word_1_124' title='bbox 818 2608 943 2709; x_wconf 70' lang='lat' dir='ltr'>Sanin</span> 
     </span>
     <span class='ocr_line' id='line_1_21' title="bbox 102 2708 944 2809; baseline 0.017 -31"><span class='ocrx_word' id='word_1_125' title='bbox 102 2728 161 2780; x_wconf 87' lang='lat' dir='ltr'>em</span> <span class='ocrx_word' id='word_1_126' title='bbox 192 2710 360 2797; x_wconf 82' lang='lat' dir='ltr'>noverit,</span> <span class='ocrx_word' id='word_1_127' title='bbox 401 2709 620 2808; x_wconf 88' lang='lat' dir='ltr'>probabilem</span> <span class='ocrx_word' id='word_1_128' title='bbox 642 2708 792 2794; x_wconf 81' lang='lat' dir='ltr'>habebit</span> <span class='ocrx_word' id='word_1_129' title='bbox 816 2730 944 2809; x_wconf 69' lang='lat' dir='ltr'>poenae</span> 
     </span>
     <span class='ocr_line' id='line_1_22' title="bbox 102 2802 944 2903; baseline 0.018 -26"><span class='ocrx_word' id='word_1_130' title='bbox 102 2802 252 2903; x_wconf 88' lang='lat' dir='ltr'>giendae</span> <span class='ocrx_word' id='word_1_131' title='bbox 268 2810 405 2897; x_wconf 84' lang='lat' dir='ltr'>aniam,</span> <span class='ocrx_word' id='word_1_132' title='bbox 429 2809 598 2899; x_wconf 74' lang='lat' dir='ltr'>aeneum</span> <span class='ocrx_word' id='word_1_133' title='bbox 613 2834 687 2887; x_wconf 89' lang='lat' dir='ltr'>non</span> <span class='ocrx_word' id='word_1_134' title='bbox 710 2808 779 2884; x_wconf 84' lang='lat' dir='ltr'>effe</span> <span class='ocrx_word' id='word_1_135' title='bbox 794 2808 944 2891; x_wconf 73' lang='lat' dir='ltr'>demon.</span> 
     </span>
     <span class='ocr_line' id='line_1_23' title="bbox 101 2904 946 2997; baseline 0.006 -19"><span class='ocrx_word' id='word_1_136' title='bbox 101 2928 147 2978; x_wconf 83' lang='lat' dir='ltr'>ns</span> <span class='ocrx_word' id='word_1_137' title='bbox 157 2904 360 2983; x_wconf 88' lang='lat' dir='ltr'>divinorum</span> <span class='ocrx_word' id='word_1_138' title='bbox 370 2904 569 2995; x_wconf 79' lang='lat' dir='ltr'>sucinorum</span> <span class='ocrx_word' id='word_1_139' title='bbox 577 2907 827 2997; x_wconf 80' lang='lat' dir='ltr'>imitationem.</span> <span class='ocrx_word' id='word_1_140' title='bbox 837 2904 946 2991; x_wconf 85' lang='lat' dir='ltr'>Quod</span> 
     </span>
     <span class='ocr_line' id='line_1_24' title="bbox 101 3002 945 3107; baseline 0.007 -28"><span class='ocrx_word' id='word_1_141' title='bbox 101 3002 154 3079; x_wconf 80' lang='lat' dir='ltr'>ris</span> <span class='ocrx_word' id='word_1_142' title='bbox 170 3004 328 3081; x_wconf 72' lang='lat' dir='ltr'>titiones</span> <span class='ocrx_word' id='word_1_143' title='bbox 364 3005 569 3107; x_wconf 84' lang='lat' dir='ltr'>vituperet,</span> <span class='ocrx_word' id='word_1_144' title='bbox 586 3007 945 3103; x_wconf 78' lang='lat' dir='ltr'>nominaquoqueer</span> 
     </span>
     <span class='ocr_line' id='line_1_25' title="bbox 101 3103 949 3206; baseline -0.002 -27"><span class='ocrx_word' id='word_1_145' title='bbox 101 3113 192 3179; x_wconf 86' lang='lat' dir='ltr'>ncta</span> <span class='ocrx_word' id='word_1_146' title='bbox 200 3103 312 3192; x_wconf 82' lang='lat' dir='ltr'>tollet,</span> <span class='ocrx_word' id='word_1_147' title='bbox 338 3127 406 3182; x_wconf 91' lang='lat' dir='ltr'>nec</span> <span class='ocrx_word' id='word_1_148' title='bbox 421 3104 746 3206; x_wconf 58' lang='lat' dir='ltr'>aspectabilibus,</span> <span class='ocrx_word' id='word_1_149' title='bbox 764 3104 802 3181; x_wconf 82' lang='lat' dir='ltr'>bc</span> <span class='ocrx_word' id='word_1_150' title='bbox 816 3103 949 3199; x_wconf 78' lang='lat' dir='ltr'>specio·</span> 
     </span>
     <span class='ocr_line' id='line_1_26' title="bbox 101 3202 951 3302; baseline 0.001 -26"><span class='ocrx_word' id='word_1_151' title='bbox 101 3202 209 3279; x_wconf 64' lang='lat' dir='ltr'>&#39;erbis</span> <span class='ocrx_word' id='word_1_152' title='bbox 225 3203 382 3298; x_wconf 73' lang='lat' dir='ltr'>obteget</span> <span class='ocrx_word' id='word_1_153' title='bbox 434 3202 951 3302; x_wconf 78' lang='lat' dir='ltr'>itaquecompletiendumno·</span> 
     </span>
     <span class='ocr_line' id='line_1_27' title="bbox 116 3301 952 3389; baseline -0.002 -12"><span class='ocrx_word' id='word_1_154' title='bbox 116 3301 169 3377; x_wconf 85' lang='lat' dir='ltr'>est</span> <span class='ocrx_word' id='word_1_155' title='bbox 189 3322 341 3388; x_wconf 84' lang='lat' dir='ltr'>verum,</span> <span class='ocrx_word' id='word_1_156' title='bbox 371 3303 409 3379; x_wconf 77' lang='lat' dir='ltr'>br</span> <span class='ocrx_word' id='word_1_157' title='bbox 435 3303 661 3382; x_wconf 79' lang='lat' dir='ltr'>immutabile</span> <span class='ocrx_word' id='word_1_158' title='bbox 691 3326 845 3389; x_wconf 85' lang='lat' dir='ltr'>nornen,</span> <span class='ocrx_word' id='word_1_159' title='bbox 877 3322 952 3376; x_wconf 84' lang='lat' dir='ltr'>non</span> 
     </span>
     <span class='ocr_line' id='line_1_28' title="bbox 101 3399 954 3503; baseline 0.002 -28"><span class='ocrx_word' id='word_1_160' title='bbox 101 3399 268 3476; x_wconf 80' lang='lat' dir='ltr'>aicium</span> <span class='ocrx_word' id='word_1_161' title='bbox 299 3422 391 3475; x_wconf 84' lang='lat' dir='ltr'>voce</span> <span class='ocrx_word' id='word_1_162' title='bbox 428 3404 695 3503; x_wconf 75' lang='lat' dir='ltr'>praedicatum,</span> <span class='ocrx_word' id='word_1_163' title='bbox 728 3402 787 3478; x_wconf 85' lang='lat' dir='ltr'>sed</span> <span class='ocrx_word' id='word_1_164' title='bbox 827 3420 954 3481; x_wconf 86' lang='lat' dir='ltr'>eorum</span> 
     </span>
     <span class='ocr_line' id='line_1_29' title="bbox 101 3496 956 3604; baseline 0.002 -29"><span class='ocrx_word' id='word_1_165' title='bbox 101 3522 173 3595; x_wconf 75' lang='lat' dir='ltr'>um,</span> <span class='ocrx_word' id='word_1_166' title='bbox 200 3496 263 3596; x_wconf 90' lang='lat' dir='ltr'>qui</span> <span class='ocrx_word' id='word_1_167' title='bbox 281 3519 348 3571; x_wconf 84' lang='lat' dir='ltr'>nos</span> <span class='ocrx_word' id='word_1_168' title='bbox 373 3502 410 3579; x_wconf 94' lang='lat' dir='ltr'>in</span> <span class='ocrx_word' id='word_1_169' title='bbox 430 3505 548 3604; x_wconf 82' lang='lat' dir='ltr'>prima</span> <span class='ocrx_word' id='word_1_170' title='bbox 577 3501 753 3579; x_wconf 74' lang='lat' dir='ltr'>doitrinae</span> <span class='ocrx_word' id='word_1_171' title='bbox 777 3500 956 3581; x_wconf 80' lang='lat' dir='ltr'>elementa</span> 
     </span>
     <span class='ocr_line' id='line_1_30' title="bbox 101 3596 1038 3701; baseline -0.005 -25"><span class='ocrx_word' id='word_1_172' title='bbox 101 3601 296 3681; x_wconf 72' lang='lat' dir='ltr'>roducnntr</span> <span class='ocrx_word' id='word_1_173' title='bbox 319 3618 367 3671; x_wconf 88' lang='lat' dir='ltr'>ne</span> <span class='ocrx_word' id='word_1_174' title='bbox 384 3599 409 3677; x_wconf 85' lang='lat' dir='ltr'>ti</span> <span class='ocrx_word' id='word_1_175' title='bbox 426 3604 541 3701; x_wconf 78' lang='lat' dir='ltr'>hujus</span> <span class='ocrx_word' id='word_1_176' title='bbox 554 3602 644 3682; x_wconf 80' lang='lat' dir='ltr'>vitae</span> <span class='ocrx_word' id='word_1_177' title='bbox 656 3614 804 3698; x_wconf 74' lang='lat' dir='ltr'>tempus</span> <span class='ocrx_word' id='word_1_178' title='bbox 813 3598 851 3673; x_wconf 95' lang='lat' dir='ltr'>in</span> <span class='ocrx_word' id='word_1_179' title='bbox 866 3596 957 3692; x_wconf 84' lang='lat' dir='ltr'>otio,</span> <span class='ocrx_word' id='word_1_180' title='bbox 1030 3678 1038 3693; x_wconf 91' lang='lat'><strong>.</strong></span> 
     </span>
     <span class='ocr_line' id='line_1_31' title="bbox 105 3696 959 3794; baseline -0.006 -18"><span class='ocrx_word' id='word_1_181' title='bbox 105 3697 239 3776; x_wconf 85' lang='lat' dir='ltr'>inertia</span> <span class='ocrx_word' id='word_1_182' title='bbox 261 3696 555 3793; x_wconf 81' lang='lat' dir='ltr'>traduxerimue,</span> <span class='ocrx_word' id='word_1_183' title='bbox 586 3724 669 3777; x_wconf 90' lang='lat' dir='ltr'>non·</span> <span class='ocrx_word' id='word_1_184' title='bbox 683 3703 797 3785; x_wconf 84' lang='lat' dir='ltr'>solum</span> <span class='ocrx_word' id='word_1_185' title='bbox 821 3710 865 3775; x_wconf 89' lang='lat' dir='ltr'>ut</span> <span class='ocrx_word' id='word_1_186' title='bbox 884 3698 959 3794; x_wconf 81' lang='lat' dir='ltr'>gio·</span> 
     </span>
     <span class='ocr_line' id='line_1_32' title="bbox 101 3794 962 3909; baseline 0.008 -38"><span class='ocrx_word' id='word_1_187' title='bbox 101 3831 106 3871; x_wconf 82' lang='lat' dir='ltr'>t</span> <span class='ocrx_word' id='word_1_188' title='bbox 128 3795 280 3909; x_wconf 67' lang='lat' dir='ltr'>coelestie</span> <span class='ocrx_word' id='word_1_189' title='bbox 294 3794 432 3895; x_wconf 84' lang='lat' dir='ltr'>ignari,</span> <span class='ocrx_word' id='word_1_190' title='bbox 461 3797 659 3888; x_wconf 79' lang='lat' dir='ltr'>sedetiam</span> <span class='ocrx_word' id='word_1_191' title='bbox 682 3815 727 3887; x_wconf 89' lang='lat' dir='ltr'>nt</span> <span class='ocrx_word' id='word_1_192' title='bbox 748 3796 881 3903; x_wconf 73' lang='lat' dir='ltr'>Ingrati</span> <span class='ocrx_word' id='word_1_193' title='bbox 905 3817 962 3889; x_wconf 67' lang='lat' dir='ltr'>rte</span> 
     </span>
     <span class='ocr_line' id='line_1_33' title="bbox 101 3895 806 3992; baseline 0.013 -15"><span class='ocrx_word' id='word_1_194' title='bbox 101 3920 182 3977; x_wconf 92' lang='lat' dir='ltr'>nem</span> <span class='ocrx_word' id='word_1_195' title='bbox 200 3895 308 3992; x_wconf 81' lang='lat' dir='ltr'>junci</span> <span class='ocrx_word' id='word_1_196' title='bbox 331 3904 550 3987; x_wconf 81' lang='lat' dir='ltr'>reddamus.</span> <span class='ocrx_word' id='word_1_197' title='bbox 801 3904 806 3912; x_wconf 82' lang='grc'>’</span> 
     </span>
    </p>
   </div>
   <div class='ocr_carea' id='block_1_3' title="bbox 500 4086 969 4193">
    <p class='ocr_par' dir='ltr' id='par_1_3' title="bbox 500 4086 969 4193">
     <span class='ocr_line' id='line_1_34' title="bbox 500 4086 969 4193; baseline -0.006 -22"><span class='ocrx_word' id='word_1_198' title='bbox 500 4093 585 4193; x_wconf 83' lang='lat' dir='ltr'>Y4</span> <span class='ocrx_word' id='word_1_199' title='bbox 875 4086 969 4168; x_wconf 70' lang='lat' dir='ltr'>sm·</span> 
     </span>
    </p>
   </div>
   <div class='ocr_carea' id='block_1_4' title="bbox 0 0 1205 4674">
    <p class='ocr_par' dir='ltr' id='par_1_4' title="bbox 0 0 1205 4674">
     <span class='ocr_line' id='line_1_35' title="bbox 0 0 1205 4674; baseline 0 0"><span class='ocrx_word' id='word_1_200' title='bbox 0 0 1205 4674; x_wconf 95' lang='lat' dir='ltr'> </span> 
     </span>
    </p>
   </div>
  </div>
 </body>
</html>
