2392 4674
413 442 605 653 notui
636 537 669 625 ι.
922 546 1006 653 an

98 721 291 813 uidemini,
317 747 364 799 ne
381 746 507 801 omnes
522 728 630 824 'aequa
647 722 781 801 facim
798 775 810 812 ,
842 744 910 801 nec
927 722 1005 825 jam
1141 794 1146 803 .

98 825 299 911 babeatis,
333 824 370 899 iu
392 836 484 923 quos
509 825 811 903 animadvertatis.
856 824 1005 902 Carnifi-

98 948 183 1002 cnm
200 923 329 1001 sanein
339 922 452 1011 foret,
479 925 736 1019 nopbon'o'rum
745 922 1002 1019 Principum...
1076 960 1079 969 ·
1103 986 1125 1017 ‚-

98 1024 185 1101 Pius
197 1046 269 1098 non
285 1021 450 1123 poiiunt,
491 1046 537 1097 ne
553 1021 613 1120 ipsr
634 1021 779 1120 quidem
799 1021 999 1121 Principes,

98 1120 121 1199 ii
148 1123 295 1199 veritati
321 1120 526 1217 opinionem
546 1134 786 1219 anteponent,
821 1146 930 1220 quam
951 1124 1003 1199 ia·‘

99 1219 277 1301 nnumin
291 1220 488 1316 solitudine.

147 1363 480 1461 13.Potoiffethic
504 1360 661 1441 definere
686 1358 921 1538 §.gabinum
961 1386 1000 1478 re
1018 1345 1173 1437 “istim

98 1490 128 1545 m
142 1466 228 1542 satis
237 1464 395 1562 probata.
423 1460 558 1540 Verum
571 1463 733 1539 addeien
759 1462 889 1541 endum
897 1436 1161 1587 Chri-’mm

98 1567 262 1645 unorum
282 1562 526 1660 innocentiam
550 1562 667 1639 rursus
690 1562 919 1661 aggreditur,
960 1568 998 1643 bt
1013 1603 1079 1670 SS.
1093 1605 1180 1680 Μ

98 1664 290 1745 britiinnos
303 1687 375 1739 non
389 1658 457 1736 effe
471 1661 615 1739 Atheos
632 1662 847 1739 demonstrat
865 1663 994 1759 primm·
1007 1688 1179 1764 flamm,

98 1764 192 1851 Quia
215 1760 382 1860 opificem
398 1761 506 1857 hujus
523 1758 759 1837 universitatis
777 1764 936 1841 colimus.
955 1819 966 1840 .
987 1817 996 1838 .
1028 1794 1059 1841 ι
1075 1794 1128 1861 ¹3·

98 1862 148 1941 Et
163 1862 278 1963 Jeson
292 1859 468 1938 christum
485 1860 546 1937 sub
567 1860 694 1954 Pontio
711 1858 837 1949 Pilato,
853 1860 997 1962 Judeae

98 1962 315 2061 temporibus
328 1958 628 2055 Tiberii-Caesaris
648 1958 829 2050 Praesrde,
859 1964 995 2039 crucifi·
1153 2024 1165 2051 ,

98 2082 208 2147 uum,
232 2081 361 2137 verum
374 2059 443 2135 Dei
457 2058 587 2133 Filium
605 2056 672 2133 effe
689 2058 829 2147 edotii,
867 2061 997 2157 ipsum·
1023 2076 1026 2081 ’
1069 2078 1072 2083 ·

99 2184 172 2259 quc
184 2160 338 2237 secundo
353 2158 453 2243 loco,
485 2157 657 2253 Spiritum
674 2170 795 2233 autem
812 2159 998 2257 Propheti-

98 2283 181 2337 cum
200 2258 308 2334 tertio
323 2258 496 2334 babentes
511 2257 661 2344 ordine,
712 2279 785 2332 non
798 2258 869 2335 tine
888 2260 997 2336 rano·

98 2381 180 2438 nea
195 2357 298 2435 nobis
319 2357 388 2432 coli
402 2354 734 2432 demonstrabimus.

143 2528 204 2599 14.
229 2496 386 2578 Secundo.
427 2501 510 2577 Hoc
525 2496 621 2576 idem
637 2496 763 2598 probat
785 2524 831 2575 err
845 2499 995 2578 mirabili
1016 2491 1155 2587 sitifim·

98 2626 213 2681 iorum
244 2599 473 2687 mutatione,
536 2622 645 2698 quam
666 2598 852 2677 Christiani
895 2625 947 2685 rae
961 2603 994 2679 se
1007 2596 1114 2647 ''m''

98 2704 251 2787 uerunt,
287 2700 471 2798 postquam
487 2698 744 2774 adoemonibus
758 2698 849 2777 disce
877 2668 1155 2812 crunnffi'ff'sp'

98 2797 996 2997 serinii.nunnnmnun
1009 2774 1176 2983 nni?

548 2944 556 2971 r
716 2949 728 2984 9
1085 2968 1094 2986 ·

98 2998 206 3079 etiam
229 2998 364 3073 artibus
391 2996 599 3083 utebamur,
635 2998 749 3083 bono,
775 2997 998 3097 &ingenito
1030 3023 1061 3068 e.
1078 3028 1131 3093 ¹4·

97 3122 164 3177 nos
177 3096 457 3173 consecravimus
476 3098 578 3171 Deo:
611 3094 671 3192 qui
688 3099 935 3197 pecuniarum,
960 3100 999 3175 bt

97 3195 343 3294 poffeffionum
360 3195 439 3270 vias
460 3193 626 3271 omnibus
646 3194 865 3292 antiquiores
890 3198 1000 3275 babe-

98 3300 246 3383 bouum,
273 3294 572 3379 eunomiumne,
598 3294 931 3391 quaepoffidemus,
960 3296 999 3374 in

98 3418 290 3474 commune
314 3392 559 3479 conferimus,
596 3396 633 3469 br
655 3416 738 3469 com
758 3392 1002 3491 indigentibus

98 3494 299 3593 quibusque
314 3490 631 3566 communicamus.
662 3491 733 3576 Qui
746 3493 881 3568 mutuis
895 3492 1001 3583 odiis,

99 3596 137 3674 bt
155 3592 318 3668 cedibus
330 3593 597 3688 pugnabamus,
631 3591 762 3665 &cum
777 3591 821 3667 iis
829 3643 841 3679 ,
865 3592 928 3691 qui
939 3593 1002 3669 tri·
1071 3672 1076 3683 ,
1134 3589 1143 3607 “
1184 3668 1188 3675 ,

98 3692 201 3769 butes
219 3689 324 3767 nostri
341 3714 411 3763 noo
425 3687 552 3773 effent,
582 3710 809 3763 communem
824 3689 946 3768 focum
954 3693 1001 3767 ob

98 3790 236 3871 diverso
249 3789 406 3865 instituta
421 3811 492 3862 non
506 3788 755 3873 habebamus,
792 3806 889 3865 nunc
911 3786 1003 3887 pmii·

98 3912 208 3989 quam
229 3884 389 3965 Christus
411 3888 595 3985 apparuit,-
620 3885 840 3964 convictores
862 3888 1002 3976 sumus,

101 3994 139 4068 br
165 4010 229 4087 pro
254 3987 405 4062 inimicis
430 4008 600 4073 oramus,
633 3986 670 4062 br
719 3985 757 4060 ui
780 4009 847 4062 nos
871 3986 1004 4082 iniquis

107 4092 245 4162 uram
263 4093 400 4178 Amiqstr
420 4095 537 4179 roms.
694 4006 730 4162 i
886 4080 1007 4178 „odiu
