2348 4748
283 544 343 637 De
361 547 506 637 divinis
529 548 718 681 Norrrirrr'l

709 532 797 639 ars.
906 580 991 670 257

116 696 496 919 knqoeffirmittlh
523 720 631 847 divisa
655 729 986 848 ininilnitumsrne

211 852 233 901 o
359 832 416 915 dr,
452 856 571 946 neque
599 834 816 920 rnordmata,
843 833 985 948 duscde

116 922 983 1117 *multllmlllilt’.lltlrll‘ffi

129 1208 132 1213 ,
192 1146 229 1203 m
243 1146 375 1221 pacem
396 1150 440 1203 ac
464 1125 639 1205 silentium
659 1128 699 1202 S.
715 1128 834 1225 Julius
850 1130 981 1245 <cujus

116 1212 218 1323 Mt
242 1218 325 1300 Ati.
348 1246 380 1301 t.
400 1250 432 1302 v.
446 1252 504 1323 23.
523 1232 574 1301 uti
594 1236 692 1322 putot
717 1224 756 1302 S.
771 1227 978 1327 Moxrmur)

116 1328 175 1400 lint
187 1318 424 1399 insonantium
445 1324 534 1425 (seu
550 1323 833 1425 ineffibilitatcm)
857 1332 894 1403 dt
910 1330 978 1402 im-

116 1420 307 1499 oiilitatem
330 1424 378 1499 ad
398 1446 544 1501 omnem
575 1424 863 1514 emanationem,
890 1448 977 1525 quae

116 1520 304 1635 poscitur.

116 1730 169 1813 13.
196 1724 226 1804 ,’,
240 1712 299 1793 Ac
330 1714 485 1817 primunt
507 1716 653 1815 quidem
685 1718 757 1794 hnc
782 1712 974 1795 dicendum
993 1727 1046 1813 Qu

118 1868 132 1905 ,
157 1830 204 1893 nt
220 1838 309 1893 cum
324 1838 387 1911 per
407 1816 575 1909 lenacia,
601 1830 680 1893 tum
697 1820 914 1905 universalis,
933 1844 974 1894 ac
988 1820 1046 1915 4²⁶¹

116 1916 296 1993 rticnlaris
315 1914 413 2011 pacis
429 1914 572 1993 effe-tior
594 1914 635 1991 lit
649 1915 722 2013 ipse
738 1918 856 2003 neus,
883 1922 919 1993 dt
934 1936 975 1994 ut
984 1898 1046 1983 ‘'fi‘

116 2014 184 2091 nin
199 2014 302 2091 inter
316 2014 350 2091 le
367 2027 516 2099 mutuo,
549 2014 695 2089 minime
719 2016 862 2091 confusa
884 2016 973 2113 iplo·
986 1984 1046 2129 3‘2‘

116 2114 253 2203 'linter
266 2112 303 2189 ie
315 2128 443 2189 mutuo
453 2113 712 2209 conjunilionu
727 2112 953 2190 commisceat
962 2143 974 2199 ς
984 2088 1046 2215 ”ej

116 2210 423 2311 inconjuntiione
449 2213 668 2287 cohaerentia
688 2210 760 2286 line
783 2212 974 2299 divifione,

134 2312 331 2397 dlllnntia,
358 2310 489 2407 lingula
512 2323 634 2386 tamen
671 2310 864 2387 secuudum
895 2336 978 2409 pro

116 2432 181 2487 nm
193 2409 348 2509 speciem
365 2434 453 2509 pura
469 2408 676 2497 consiliunt,
703 2434 766 2505 per
781 2412 978 2486 concretio·

116 2532 153 2585 nr
171 2511 432 2585 contrariorum
456 2510 601 2583 minime
628 2516 854 2605 perturbata:
887 2534 977 2607 quo·

116 2630 172 2685 m
189 2610 353 2683 exntiam
376 2610 474 2682 iliam
498 2609 687 2693 unionem,
718 2632 761 2683 ac
783 2608 977 2703 puritatem

116 2708 160 2785 tu
180 2708 463 2803 interrumpit...
518 2706 583 2782 Per
606 2711 699 2781 hanc
721 2708 856 2785 divinae
878 2732 979 2783 men·
1038 2732 1045 2739 ·

116 2809 315 2905 reoputatae
334 2808 402 2881 suis
421 2806 506 2899 ipsae
526 2830 607 2881 cum
625 2806 879 2901 intelligentiis,
897 2822 978 2883 tum

116 2910 179 2981 ins
200 2905 387 2983 intellettic
402 2904 686 3000 conjunguntur,
721 2922 832 3001 atque
858 2908 979 2981 denno

116 3006 244 3081 indunt
264 3007 310 3079 ad
336 3006 557 3101 incognitum
581 3028 725 3089 eorum,
756 3030 841 3099 quae
865 3008 980 3079 menti

116 3105 353 3201 peromnem,
378 3104 591 3178 contatium.
643 3103 709 3177 Per
727 3102 820 3177 hanc
844 3104 978 3177 animae

116 3204 287 3301 nitigenas
324 3203 403 3277 suas
448 3202 605 3277 rationes
651 3202 893 3275 conneileudo
931 3202 979 3275 ad

116 3304 267 3378 tamdem
289 3300 477 3399 spiritalem
502 3303 695 3398 puritatem
720 3301 874 3375 redatiae
897 3322 979 3394 pro-

116 3403 208 3478 dunt
222 3400 285 3477 fibi
302 3399 441 3497 propria
461 3400 539 3486 via,
567 3402 604 3475 dt
627 3399 752 3474 ordine
767 3422 830 3495 per
851 3402 978 3473 imma·

116 3504 247 3587 dalem,
273 3512 383 3597 atque
396 3498 579 3576 indivisam
593 3498 862 3593 intelligentiam
875 3498 979 3573 intel·

116 3601 222 3693 entia
235 3599 460 3695 superiorem.
489 3596 554 3672 Per
565 3596 657 3672 hanc
667 3596 918 3685 unaomnium
941 3602 980 3673 dn

116 3698 318 3775 dissolubilis
349 3695 525 3772 connexio
556 3692 658 3791 juxta
685 3696 843 3769 diuinam
869 3694 978 3792 ipl'run

117 3796 346 3897 ngcnentiam
362 3796 491 3877 exiliit,
515 3798 552 3870 dt
567 3794 724 3890 perfeiro
738 3808 982 3883 concentmm

116 3895 279 3982 ncordia,
312 3894 608 3991 consensioneque
640 3906 848 3989 coaptatur,
891 3896 979 3967 dum

116 4021 143 4073 re
162 3990 370 4072 conlnlione
387 3995 581 4087 colligitur,
607 4015 650 4070 ac
672 3988 745 4067 fine
762 3990 984 4067 dissolutione

115 4106 216 4175 :tem
233 4102 378 4195 Aeolyssr
400 4104 482 4168 Tom.
492 4103 518 4165 1.
673 4088 707 4165 R
843 4113 984 4191 ¹„con-
