2348 4748
493 434 497 443 Ι
523 368 537 419 i

294 618 375 715 ‚144
458 578 586 669 Stmffl
611 544 783 693 Dioaffli
803 566 1055 692 Areopagitae.

131 806 258 897 wag„
364 794 422 865 44·
443 762 676 855 „Ollaltnum
693 786 777 841 veto
798 762 1055 843 discernendiv

125 896 201 997 ’,ξι
290 872 412 963 „snnt,
439 888 521 962 quae
534 878 692 939 mentem
710 862 904 959 superantis
920 864 1055 961 fragtan

290 967 501 1062 „fusionem
528 977 701 1059 quantum
723 962 779 1037 faa
794 964 862 1048 est,
888 966 1053 1058 percipit,

291 1066 461 1158 „loetidaa
476 1062 588 1161 perite
608 1061 786 1147 discernit,
809 1062 846 1138 dt
862 1062 1009 1138 omnino
1028 1086 1055 1137 rt

195 1223 202 1238 ·
360 1210 419 1283 45.
447 1184 533 1271 „At
549 1184 687 1259 aurium
712 1182 882 1272 virtutes,
912 1184 950 1259 id
973 1184 1055 1280 quoi

162 1312 196 1369 ·.
289 1288 363 1377 „eli
383 1284 559 1381 particeps
591 1283 826 1378 cognitionis,
863 1282 1055 1381 divinamqu

288 1383 449 1481 „suscipit
468 1382 754 1481 inspirationum.¹

362 1518 421 1601 4⁶·
452 1503 655 1592 „Gustandi
680 1516 800 1578 autem
825 1500 1001 1599 potentiae
1020 1500 1055 1597 ip:

289 1605 476 1697 „ciborum
505 1603 707 1701 spiritalium
747 1602 908 1687 satietas,
942 1601 980 1678 oz
1007 1602 1055 1677 dit

254 1798 259 1807 Ι
288 1716 424 1803 „atque
440 1702 680 1777 deliciosorum
696 1701 888 1777 rivulorum
906 1698 1055 1801 suscepti

276 1908 279 1913 ¹
362 1848 422 1923 47.
459 1875 484 1912 ,‚
496 1822 646 1901 Tanites
670 1845 773 1921 porto
793 1822 1024 1910 sensationet',
1050 1820 1055 1897 i

157 1957 193 2016 ·,
290 1923 353 2016 „in
379 1926 433 2000 eis
453 1946 511 1999 tes
539 1921 729 2021 proficuae,
751 1920 927 2000 noxiaeve
959 1946 1039 1997 cum

290 2022 489 2115 „discemlt
834 2034 838 2041 '

363 2136 422 2219 48.
450 2117 676 2216 „Palpebrae
699 2118 735 2194 dt
762 2116 962 2219 supercilia,
987 2118 1024 2193 id
1044 2142 1055 2192 t

158 2244 165 2258 ·
187 2287 195 2305 .
292 2220 549 2319 „telligentiaa,
572 2218 809 2315 nationesque
824 2216 935 2296 divini
954 2218 1055 2315 aspen

306 2324 442 2410 ,servat

290 2377 302 2413 ⁹
361 2443 420 2515 49.
448 2470 473 2506 ‚,
492 2414 688 2492 Pubescens
719 2425 811 2488 aetas
839 2434 882 2487 ae
912 2411 1055 2510 juventu

127 2513 135 2532 ⁶
168 2594 176 2609 ,
292 2520 483 2608 „vitalem,
508 2540 593 2610 quae
617 2516 749 2608 semper
775 2512 882 2608 viget.

368 2639 425 2708 50.
454 2615 632 2698 „Dentes
658 2612 714 2699 id,
739 2612 834 2709 qnod
849 2610 1028 2687 alimenti

230 2698 240 2720 ⁵
294 2712 572 2809 „perfetiionem
596 2708 738 2785 dividit:
762 2709 933 2807 quaelibet
948 2712 1043 2787 enim

293 2808 480 2908 „spiritalis
516 2807 721 2883 uniusmodi
756 2809 1042 2906 intelligentiam,

293 2906 492 2997 „diviniore
507 2904 672 2979 traditam
691 2908 847 3005 accepit,
874 2932 937 3005 pro
953 2908 1055 2984 inferi

292 3007 376 3094 „tiu
399 3014 576 3099 captuque
597 3006 743 3100 provida
772 3007 903 3086 virtute
929 3006 1055 3087 ‘divini

293 3103 508 3201 „plicatque

229 3259 238 3276 .
367 3224 426 3292 51·
452 3200 658 3289 „Humeri‚
699 3202 815 3289 ulnae,
841 3203 879 3280 dt
903 3227 1035 3282 manus

292 3300 356 3388 „dt
374 3297 502 3395 agendi
523 3323 565 3372 ac
585 3304 807 3399 perpetrandi
822 3304 903 3380 vim.

366 3423 425 3492 52.
450 3396 521 3471 Cor
539 3414 659 3473 autem
681 3401 729 3473 est
752 3402 945 3496 symbolum
971 3403 1055 3481 vitae

290 3495 370 3572 mia.
417 3549 441 3583 „
451 3495 543 3579 Quae
568 3498 640 3574 vim
665 3499 804 3574 vitalem
824 3502 921 3575 suam
937 3502 1055 3578 deifot

291 3620 381 3682 „ea,
399 3594 529 3692 quibus
549 3596 712 3681 consulit,
737 3599 905 3694 dispertit.

112 3728 226 3801 stilus.
363 3740 420 3809 53.
448 3714 590 3803 „Porro
614 3718 737 3815 petius
753 3719 915 3795 dieamus
943 3720 1055 3818 defigt

289 3826 430 3901 „tutem
454 3816 723 3903 indomabilem,
750 3820 787 3894 dt
814 3842 898 3914 quae
926 3820 1055 3897 vivifica

289 3914 506 4000 „dammodo
554 3912 717 4012 suppolitl
761 3917 880 3994 cordis
937 3919 1055 3996 disttib

287 4024 468 4104 „tueatut

887 4088 1055 4214 'sl
