2392 4674
160 550 205 636 de
233 543 507 664 resurreiiione
536 513 801 635 mortuorum.
891 545 976 657 ‚623

35 728 169 821 „nium
211 730 383 831 postrema
425 728 658 817 resurrettio,
688 731 727 806 ἀ
749 726 977 825 αοιιιω,;ᾳιιί
1103 736 1136 831 ἰ

14 830 19 837 ’
33 845 155 920 „tunc
163 828 333 927 temporis
348 829 468 903 adhuc
479 828 700 924 supererunt,
722 827 758 903 in
772 827 975 904 meiiusitn·

34 928 233 1017 „mntatio
251 983 260 1002 .
281 980 290 1004 .
337 924 449 1023 Igitur
466 925 492 1001 fi
509 927 751 1004 uniuersorum
770 926 973 1026 opifexho·
1005 932 1038 983 ⁸·
1060 927 1111 994 ι3·

33 1029 203 1119 „minem
222 1025 401 1113 condidit,-
428 1040 470 1101 ut
495 1026 660 1121 sapientis
683 1026 773 1104 vitae
796 1025 976 1126 particepr
1035 1062 1039 1067 ·

34 1126 249 1217 „effet‚„ac
266 1122 372 1219 ipsrns
406 1126 718 1227 magnificentiam·
731 1127 768 1200 &
789 1124 977 1200 ⁴elucentia

34 1226 105 1316 „sn
128 1226 297 1300 omnibus
310 1223 491 1321 sapientiae
507 1222 704 1321 speculator
720 1224 848 1310 faetus,
864 1222 902 1299 in
917 1222 977 1299 hir

35 1326 206 1421 „semper
231 1325 514 1419 contemplandis
536 1339 761 1420 permaneret
783 1322 977 1399 secundum

33 1423 236 1517 „tinitonis
253 1421 462 1508 confilium,
485 1424 521 1497 δι
549 1436 734 1520 acceptam
749 1423 794 1498 ab
810 1446 854 1496 eo
871 1433 977 1497 natu-

34 1545 166 1614 „ramr
191 1520 355 1597 nascendi
371 1522 476 1595 causa
489 1519 596 1599 fidem
612 1522 698 1597 facit
714 1520 976 1621 perpetuitatis,

32 1621 289 1719 „perpetuitas
328 1631 450 1695 autem
478 1620 767 1710 resurrectionis,
799 1643 872 1719 qua
904 1618 977 1695 fine

33 1724 180 1813 „homo
202 1740 412 1818 permanere
438 1742 511 1795 non
536 1718 646 1817 possit.

10 1990 16 1997 .
92 1941 174 1993 „11.
196 1912 354 1992 Secundo.
382 1890 580 1992 Veritatem
588 1914 848 1993 resurrettionis
856 1915 971 1994 Athe·
987 1914 1132 2010 Resurre-

32 2039 193 2114 nagorar
216 2016 344 2112 probat
357 2036 404 2087 err
426 2015 613 2090 hominum
628 2031 777 2103 natura,
800 2015 862 2090 nbi
878 2040 970 2113 prae·
984 2009 1088 2074 ΗΜ

31 2129 144 2195 notat
177 2113 307 2209 „quod
325 2111 362 2188 io
379 2111 459 2196 fhac
483 2112 634 2189 veritate
652 2112 834 2210 probanda
858 2115 972 2212 primo
984 2091 1070 2190 ms?
1087 2110 1127 2195 ‘i‘

33 2218 148 2308 „loco
166 2214 351 2289 statuenda
373 2212 423 2287 est
431 2213 670 2307 generationis
685 2212 872 2289 hominnm
888 2237 970 2289 cau·
977 2175 1130 2327 {gw'

21 2316 123 2406 msa,
148 2313 185 2388 id
217 2312 267 2387 est
293 2308 495 2399 consilium,
518 2313 616 2408 quod
639 2312 793 2388 intendit
815 2325 972 2400 creator,
986 2346 1123 2432 mm

33 2437 152 2507 „cum
171 2410 352 2487 hominem
373 2409 479 2484 fecit:
505 2409 591 2485 huic
606 2410 738 2487 deinde
760 2414 974 2490 convenian-
1004 2460 1033 2505 „,
1056 2442 1108 2515 14,

31 2529 124 2607 „ter
151 2508 387 2586 subneaenda
415 2507 465 2585 est
495 2511 682 2586 hominum
717 2530 868 2598 natura,
903 2534 975 2607 non
1105 2526 1108 2543 ¹

32 2610 164 2708 „qnod
182 2610 306 2684 ordine
323 2606 492 2706 posterior
507 2602 572 2696 fit,
596 2611 654 2685 sed
669 2611 766 2705 quod
781 2623 975 2708 utrumque

33 2709 168 2802 „simus
191 2705 376 2803 dijudicari
393 2731 464 2781 non
481 2706 601 2805 pouit,
627 2707 762 2784 etiamsi
774 2731 882 2807 quam
897 2732 974 2784 ma·

32 2808 166 2901 „xime
191 2805 291 2883 fimul
317 2806 487 2892 existant,
516 2808 553 2883 ἀ
576 2808 623 2882 ad
641 2807 854 2905 propostam
871 2832 974 2905 quae·

34 2909 216 3001 ,3stionem
234 2928 297 3001 par
313 2917 538 2980 momentum
558 2904 718 2983 afferant.
770 2908 841 2983 His
868 2931 973 3003 argn-

34 3005 201 3100 „mentis
232 3018 274 3080 nt
295 3005 401 3101 longe
421 3003 657 3102 principibus,
684 3008 727 3091 or
747 3005 791 3080 ab
813 3004 886 3103 ipso
905 3004 976 3082 Dei

34 3104 209 3203 „opificio
234 3103 393 3202 repetitis
430 3103 523 3178 ciere
554 3104 794 3179 demonstrata
827 3104 976 3180 resurre-

36 3205 156 3297 ‚-,stio,
180 3227 253 3279 non
270 3202 390 3278 minus
407 3200 607 3279 rationibus
620 3222 667 3278 ex
682 3202 978 3300 providentiore-

37 3304 183 3394 „dnttis
214 3302 463 3388 confirmatur,
488 3301 526 3378 sd
556 3301 629 3389 est,
665 3325 712 3376 ex
743 3300 875 3378 debitis
898 3302 979 3379 uni·

37 3403 198 3500 „cuique
212 3400 350 3477 homini
365 3398 456 3495 iusto
469 3397 604 3495 judicio
622 3401 795 3499 praemiis,
819 3413 883 3476 aut
899 3424 979 3499 poe-

38 3502 144 3592 „nim
171 3495 400 3597 &proposito
419 3498 512 3574 ¹vitae
537 3500 711 3577 humanae
736 3499 818 3575 fine.
870 3499 979 3577 Musti

37 3599 164 3692 „enim
198 3599 244 3673 de
268 3596 520 3675 rerurreuione
549 3597 795 3697 disputantes,
830 3598 863 3673 ei
901 3600 978 3689 rei,

36 3721 175 3796 „quam
186 3697 328 3773 tertiam
346 3718 590 3786 numeramus,
604 3699 746 3774 oausam
756 3720 900 3773 omnem
916 3700 978 3775 soii

35 3799 300 3895 „affignarunt,
335 3795 621 3871 resurrectionem
640 3797 729 3873 ,sieri
752 3821 816 3896 pro
842 3808 897 3871 ter
918 3796 975 3891 ju·
1068 3850 1071 3855 -

35 3897 200 3986 „dicium
216 3895 403 3971 arbitrati:
428 3895 526 3990 quod
546 3895 691 3990 quidem
712 3820 894 3973 mantiae
909 3894 973 3970 fet-

32 3996 141 4093 „sum
158 4019 204 4071 ex
221 4017 267 4071 eo
287 3992 566 4081 demonstratur,
592 3995 712 4092 quod.
736 3994 798 4093 qui
814 3995 971 4071 moriun-

50 4144 53 4151 ·
388 4126 391 4138 '
867 4104 966 4179 arture
980 4148 992 4158 ·
