2392 4674
131 515 188 602 de
213 507 490 662 resurreetione
515 461 783 603 mortuorum
852 464 958 630 .⁸627

91 694 189 773 entiae
210 693 440 772 inferioribus
480 710 553 769 non
584 695 847 794 adaequantur,
886 719 960 774 nec
1055 746 1057 753 ,

115 794 322 872 hominibus
352 793 541 891 aequabiiis
567 792 645 883 ilia,
672 797 710 872 dr
726 795 961 873 immutabilis

91 895 269 980 raerenda,
293 893 425 991 quippe
444 916 526 968 cum
542 892 581 968 hi
599 894 643 969 ab
657 893 760 995 initio
774 895 960 974 immorta-

91 1016 103 1068 r
121 991 202 1069 satis
219 992 303 1081 sint,
331 994 368 1069 dt
386 992 457 1067 sota
482 992 652 1108 creatoris
669 992 855 1071 voiudtate
880 1018 960 1111 per-

91 1092 962 1288 ttzmtzttttt,ittttdttui's?

91 1294 210 1367 indum
233 1290 390 1366 animam
413 1291 589 1376 habeant,
612 1291 864 1368 atseoundum
885 1315 964 1369 cor·

91 1414 120 1465 rs
147 1389 410 1466 immutationis
434 1388 608 1464 beneiicio
634 1390 672 1465 in
698 1390 964 1488 corruptionem
1032 1396 1035 1401 ’

91 1489 287 1586 sequantur.
331 1488 373 1565 ld
390 1489 487 1562 enim
506 1487 769 1567 resurrettionis
789 1489 883 1566 ratio
903 1488 966 1568 uui

91 1590 159 1666 rit:
199 1589 244 1664 ad
269 1610 377 1685 quam
400 1586 650 1684 respicientes,
684 1589 843 1688 corporis
863 1589 966 1667 diffo-
1085 1648 1088 1653 .

92 1690 245 1776 tionem,
270 1700 312 1763 ut
327 1687 415 1766 vitae
431 1687 590 1784 egestati,
614 1690 651 1765 dt
668 1688 887 1787 corruptioni
904 1692 969 1769 ob-

92 1787 197 1875 uiae,
224 1786 499 1885 consequentem
532 1786 797 1882 exspettamus,
825 1792 864 1868 dt
892 1788 969 1890 post

92 1912 139 1963 un
155 1885 394 1984 cormptionis
404 1900 589 1983 expertem
606 1886 788 1984 speramus
803 1906 969 1986 permun-

92 2011 211 2063 rnem:
238 1982 326 2062 nest
348 1985 400 2062 ita
424 1985 620 2073 sociamus,
647 1989 836 2064 hominum
859 2003 968 2067 natu·
1116 2014 1148 2080 ῃ
1183 2048 1187 2063 .

93 2112 149 2173 m,
178 2090 215 2163 dt
232 2085 344 2162 vitam
362 2077 608 2183 imprudentes
632 2085 742 2161 rebus
768 2086 966 2184 disparibus

92 2189 303 2283 {aequemus
356 2182 439 2261 Non
464 2184 514 2259 est
528 2183 637 2282 igitur
651 2187 722 2261 hac
741 2186 777 2260 in
793 2209 832 2261 re
846 2185 964 2264 feren·

92 2310 142 2362 rm
161 2284 326 2371 moleste,
349 2285 448 2382 quod
462 2285 581 2380 aiiqua
594 2283 826 2383 inaequalitas
843 2285 881 2362 in
899 2287 966 2363 ho·

93 2387 193 2462 inum
211 2384 464 2481 perduratione
480 2396 670 2482 appareat,
696 2408 765 2460 nec
789 2385 873 2482 quia
890 2384 967 2461 ani·

94 2511 128 2660 aff
142 2510 167 2662 ¹e
180 2482 727 2663 gorpodsrtimembrisigixslceiffitoe,
753 2507 795 2559 ac
811 2485 967 2660 patetiugu
1062 2511 1068 2528 ·

121 2605 521 2661 ooconnuamv
650 2605 847 2660 urrumr
910 2606 965 2659 1·

91 2610 178 2761 reou
192 2682 396 2762 resurrettio
432 2678 680 2778 desperanda:
717 2604 836 2781 nequi
866 2637 965 2761 enim

92 2785 140 2860 ria
158 2784 350 2862 solutiones
365 2782 539 2870 sensuum,
565 2783 603 2858 ἀ
618 2782 834 2859 naturalium
850 2782 964 2861 saeui·

92 2898 203 2971 tum,
227 2907 312 2982 quae
333 2881 543 2958 naturaiiter
557 2880 594 2956 in
620 2880 743 2958 somno
766 2882 886 2967 fiunt,
912 2884 966 2961 vi·

94 3009 131 3058 m
156 2985 193 3060 in
216 2982 369 3060 senfibus
385 2979 534 3080 postam
557 2980 819 3079 intermmpere
840 2982 966 3059 viden·

92 3108 134 3169 u,
166 3083 428 3159 dormientibus
450 3092 549 3155 certo
572 3082 747 3177 temporis
779 3079 967 3158 intervallo

93 3183 281 3271 minibus,
317 3180 501 3260 &rursus
534 3179 802 3277 quodammodo
835 3179 967 3259 reviri-

93 3283 256 3371 entibus,
279 3281 412 3358 idcirco
430 3278 583 3356 eandem
601 3279 712 3357 vitam
730 3280 851 3357 dicere
870 3278 967 3359 refu·
1110 3288 1114 3295 “

93 3406 187 3459 mus.
264 3382 359 3465 Quae
385 3379 488 3458 causa
510 3379 600 3481 suit,
624 3394 668 3456 ut
684 3379 773 3458 mihi
801 3380 965 3471 videtur,

93 3507 120 3560 u
134 3483 293 3559 nonnulii
308 3481 455 3558 fratrem
472 3481 596 3555 mortis
610 3480 773 3557 dicerent
787 3482 964 3571 somnum,
1081 3558 1106 3595 x

93 3608 127 3657 m
142 3583 239 3680 quod
261 3605 306 3654 ex
322 3581 460 3656 eisdem
475 3578 641 3676 proavis,
668 3581 706 3656 ἀ
722 3579 885 3679 patribus
901 3604 965 3678 ge-

95 3696 153 3756 tos
190 3682 382 3778 fingerentt
408 3679 466 3754 sed
488 3679 572 3776 quia
603 3674 726 3754 fimisia
754 3679 961 3778 patiuntur,

93 3783 118 3856 ri
136 3780 268 3856 mortui
283 3779 387 3865 sunt,
412 3781 449 3855 dt
475 3777 537 3875 qni
556 3777 760 3866 dormiunt,
785 3790 962 3876 qnantum

94 3885 187 3959 ettat
205 3881 250 3955 ad
278 3878 457 3977 quietem,
484 3883 521 3952 dt
544 3898 683 3962 eorum,
703 3898 790 3976 quoe
816 3876 962 3965 adsunt,

93 4004 215 4080 uaeque
241 3994 373 4076 agunt,
405 3978 477 4056 vei·
492 3975 614 4072 potius
631 3973 705 4068 sui,
738 3998 783 4052 ac
807 3973 963 4074 propriae

474 4074 540 4152 Rr
563 4099 587 4152 2
848 4072 965 4164 „vitm
1084 4088 1087 4105 ¹
1174 4184 1178 4189 Ι
