2392 4674
163 558 169 581 ‘
308 535 446 607 contro
467 516 623 607 Graecos
633 516 789 647 notatio.
925 544 1015 639 527
1099 588 1102 593 .

328 694 517 953 nausti
544 702 756 927 (lilinum.

28 1078 32 1085 ,
67 1017 107 1091 3.
131 990 336 1132 Tatianue
349 1020 437 1085 mox
461 999 506 1077 ab
522 996 625 1075 initio
646 997 800 1116 gentiles
814 992 1005 1116 'exagitan
1024 1002 1128 1075 Gr‘no
1183 1109 1186 1117 Ι

218 1098 316 1197 quod
332 1094 457 1175 frustra
475 1094 524 1174 fib
538 1097 670 1177 artium
688 1111 933 1177 mventtonem
949 1092 1127 1199 ar·sf¹⁴‚str⁰
1137 1088 1186 1175 st·

66 1208 217 1297 rogent,
243 1192 361 1297 linque
374 1200 468 1275 male
486 1211 654 1289 utantur,
677 1199 822 1275 dicens:
848 1199 933 1287 „Ne
949 1179 1041 1275 lull
1060 1200 1161 1253 ’Μ’

64 1297 234 1385 „lentum
248 1299 395 1375 omnino
411 1299 449 1375 in
465 1299 634 1377 barbaros
650 1299 830 1385 animum,
858 1324 880 1373 0
898 1301 1000 1385 (pm,
1011 1266 1117 1367 tajonem
1131 1285 1187 1328 or·

64 1398 150 1487 „cil
177 1397 312 1497 gerite,
335 1394 403 1476 neo
411 1421 537 1513 eorum
551 1397 711 1477 invidete
721 1398 871 1499 placitis.
895 1398 1003 1484 Quod
1011 1358 1160 1519 ‘im'

64 1498 193 1593 „enim
210 1499 306 1597 apud
321 1522 388 1577 vos
403 1498 601 1576 lnst1tutum
623 1524 696 1575 non
720 1498 916 1575 abarbaris
933 1500 1002 1575 ori·
1052 1537 1083 1584 ι.
1109 1536 1140 1585 1.

65 1651 95 1692 „
121 1596 132 1616 ⁶
159 1620 218 1674 em
232 1598 398 1694 aoeepitl
430 1621 515 1675 narn
531 1596 816 1675 Telmelienlium
831 1598 1002 1696 lpettatii·

64 1753 94 1792 „
123 1697 174 1775 mi
192 1697 384 1815 diuinandi
409 1722 456 1775 er
475 1698 619 1814 somniis
634 1710 750 1777 artem
766 1697 1003 1777 invenerunt:

61 1798 551 1996 :liaffirini-,tlt
568 1797 728 1998 {illia
755 1797 1004 2013 iiiiii?

63 2023 179 2093 „uam
206 1997 355 2095 Cyprii:
389 1997 654 2075 Astronomiam
677 1995 888 2095 Babyloni:
923 2000 1004 2075 Ma·

55 2098 193 2197 '„giam
210 2098 354 2174 Periaee
388 2098 634 2175 Geometriam
650 2096 833 2195 AEgpptii:
865 2098 1005 2176 littera·
1108 2166 1113 2177 .

63 2222 178 2292 „rum
191 2198 368 2274 elementa
384 2196 585 2275 Phaenices.
636 2198 863 2294 Quapropter
876 2194 1004 2273 delini·

61 2313 133 2393 „te
154 2299 301 2375 inventa
325 2298 472 2386 dicere,
512 2322 598 2395 quae
621 2295 822 2373 imitatione
844 2295 1003 2394 expreffa
1062 2310 1065 2315 ’

62 2400 186 2492 „lunt
236 2395 373 2472 Poesrm
388 2397 485 2474 enim
500 2398 683 2483 excolere,
707 2397 746 2473 ir
768 2408 914 2472 cantare
935 2397 1001 2472 do·

61 2498 170 2593 „cuit
187 2520 251 2575 vos
267 2496 458 2591 Orpheus,
483 2496 573 2572 item
591 2499 629 2573 &
649 2495 801 2580 initiari;
832 2494 1001 2593 piallioein

61 2597 262 2691 ‚,Tuioani:
302 2596 478 2675 Historias
511 2598 712 2681 adornare,
753 2596 1002 2674 commentarii

61 2711 297 2793 „temporum
313 2698 409 2795 apud
425 2697 642 2796 AEgyptios:
679 2697 835 2795 Marsyae
854 2708 999 2783 autem,

59 2800 131 2890 „or
149 2796 291 2893 Olympi
307 2797 474 2874 tibiarum
496 2795 779 2875 modulationem
795 2796 998 2875 adscivistir.
1072 2800 1074 2805 ⁴

60 2898 215 2989 „Ambo
228 2896 410 2994 Phryges,
427 2898 534 2973 ambo
548 2897 717 2973 homines
734 2896 889 2994 agrestes
904 2894 1001 2973 listu-

60 3000 141 3087 „iae
157 3011 370 3071 concentum
387 2997 613 3075 invenerunt.
647 2994 787 3072 Tubam
802 2994 1000 3092 Tyrrheni:

58 3097 261 3189 „fabricam
280 3096 444 3172 aerariam
460 3096 655 3193 Cyclopes:
682 3096 855 3196 Epistolas
872 3096 1000 3172 scribe·

59 3221 130 3289 „re
148 3197 274 3273 mulier
293 3196 500 3282 Persarum,
527 3209 569 3273 ut
583 3196 635 3271 ait
648 3196 887 3283 Hettanicus,
913 3197 1000 3273 olim
1038 3214 1041 3219 ‘
1094 3188 1101 3217 '

58 3294 256 3397 ‚,Reglna,
281 3296 339 3371 cui
361 3319 494 3373 nomen
520 3308 598 3372 erat
620 3294 769 3373 Atoffae.
819 3296 1002 3394 Deponite

56 3396 198 3493 „igitur
215 3396 312 3471 hunc
328 3395 469 3482 fastum,
494 3420 562 3481 nec
574 3398 766 3475 verborum
783 3393 1000 3491 elegantiam

56 3494 284 3586 „oilentate,
335 3494 373 3569 ui
388 3497 476 3570 dum
492 3495 728 3594 vosmetipsos
743 3494 914 3580 laudatis,
935 3494 1000 3570 do·

56 3596 254 3686 „mesticos
269 3519 450 3671 adiibetis
467 3608 656 3691 patronos:
690 3608 833 3692 oportet
852 3610 998 3684 autem,

55 3710 130 3787 „ut
155 3696 217 3794 qui
241 3698 334 3773 hanc
356 3694 501 3772 laudem
524 3692 588 3769 fibi
612 3707 800 3791 arrogant,
832 3693 877 3783 li,
904 3692 998 3771 fii·

54 3795 208 3893 „plant,
234 3796 385 3872 aliorum
398 3794 638 3871 testimonium
653 3794 877 3892 exspetient,
899 3817 942 3868 ac
958 3793 996 3870 in

54 3895 158 3993 „ipsa
178 3895 348 3973 sermonis
369 3892 664 3992 pronuntiatione
683 3892 777 3970 inter
793 3894 828 3969 se
849 3892 996 3969 consen·

53 3994 191 4084 „tiant
242 3994 349 4071 Nunc
371 4007 495 4072 autem
516 3992 621 4074 vobis
647 3992 728 4069 solie
755 3991 926 4092 contigit,
949 4014 998 4144 i:
