<?xml version="1.0" encoding="UTF-8"?>
<!DOCTYPE html PUBLIC "-//W3C//DTD XHTML 1.0 Transitional//EN"
    "http://www.w3.org/TR/xhtml1/DTD/xhtml1-transitional.dtd">
<html xmlns="http://www.w3.org/1999/xhtml" xml:lang="en" lang="en">
 <head>
  <title>
</title>
<meta http-equiv="Content-Type" content="text/html;charset=utf-8" />
  <meta name='ocr-system' content='tesseract 3.04.00' />
  <meta name='ocr-capabilities' content='ocr_page ocr_carea ocr_par ocr_line ocrx_word'/>
</head>
<body>
  <div class='ocr_page' id='page_1' title='image "./analysisoperums00schrgoog_0200.png"; bbox 0 0 2348 4748; ppageno 0'>
   <div class='ocr_carea' id='block_1_1' title="bbox 187 614 925 737">
    <p class='ocr_par' dir='ltr' id='par_1_1' title="bbox 187 614 925 737">
     <span class='ocr_line' id='line_1_1' title="bbox 187 614 925 737; baseline 0 -28"><span class='ocrx_word' id='word_1_1' title='bbox 187 614 278 709; x_wconf 64' lang='lat' dir='ltr'>&#39;De</span> <span class='ocrx_word' id='word_1_2' title='bbox 308 616 441 737; x_wconf 78' lang='lat' dir='ltr'>telesti</span> <span class='ocrx_word' id='word_1_3' title='bbox 468 618 706 710; x_wconf 82' lang='lat' dir='ltr'>Hierarchia.</span> <span class='ocrx_word' id='word_1_4' title='bbox 844 638 925 737; x_wconf 72' lang='lat'>143</span> 
     </span>
    </p>
   </div>
   <div class='ocr_carea' id='block_1_2' title="bbox 126 804 1077 983">
    <p class='ocr_par' dir='ltr' id='par_1_2' title="bbox 126 804 1077 983">
     <span class='ocr_line' id='line_1_2' title="bbox 151 804 1077 924; baseline 0.005 -43"><span class='ocrx_word' id='word_1_5' title='bbox 151 804 345 923; x_wconf 69' lang='lat' dir='ltr'>„Derim</span> <span class='ocrx_word' id='word_1_6' title='bbox 359 806 596 924; x_wconf 29' lang='lat' dir='ltr'>attemoiltem</span> <span class='ocrx_word' id='word_1_7' title='bbox 614 805 707 895; x_wconf 85' lang='lat' dir='ltr'>vim,</span> <span class='ocrx_word' id='word_1_8' title='bbox 734 822 819 905; x_wconf 75' lang='lat' dir='ltr'>qum</span> <span class='ocrx_word' id='word_1_9' title='bbox 832 808 1077 902; x_wconf 65' lang='lat' dir='ltr'>ottones-e.-</span> 
     </span>
     <span class='ocr_line' id='line_1_3' title="bbox 126 916 572 983; baseline -0.009 -2"><span class='ocrx_word' id='word_1_10' title='bbox 126 928 215 981; x_wconf 82' lang='lat' dir='ltr'>tnee</span> <span class='ocrx_word' id='word_1_11' title='bbox 229 916 389 983; x_wconf 73' lang='lat' dir='ltr'>meotes</span> <span class='ocrx_word' id='word_1_12' title='bbox 401 917 572 981; x_wconf 75' lang='lat' dir='ltr'>coornet.</span> 
     </span>
    </p>
   </div>
   <div class='ocr_carea' id='block_1_3' title="bbox 126 1022 1071 2211">
    <p class='ocr_par' dir='ltr' id='par_1_3' title="bbox 126 1022 1071 2013">
     <span class='ocr_line' id='line_1_4' title="bbox 149 1022 1036 1117; baseline 0.005 -16"><span class='ocrx_word' id='word_1_13' title='bbox 149 1024 311 1114; x_wconf 69' lang='lat' dir='ltr'>„teda</span> <span class='ocrx_word' id='word_1_14' title='bbox 327 1048 414 1104; x_wconf 84' lang='lat' dir='ltr'>veto</span> <span class='ocrx_word' id='word_1_15' title='bbox 443 1026 516 1106; x_wconf 79' lang='lat' dir='ltr'>tim</span> <span class='ocrx_word' id='word_1_16' title='bbox 535 1024 731 1117; x_wconf 83' lang='lat' dir='ltr'>movendi,</span> <span class='ocrx_word' id='word_1_17' title='bbox 766 1027 922 1105; x_wconf 67' lang='lat' dir='ltr'>cetero:</span> <span class='ocrx_word' id='word_1_18' title='bbox 935 1022 1036 1091; x_wconf 69' lang='lat' dir='ltr'>Peos.</span> 
     </span>
     <span class='ocr_line' id='line_1_5' title="bbox 142 1124 1071 1227; baseline 0.002 -24"><span class='ocrx_word' id='word_1_19' title='bbox 142 1128 181 1203; x_wconf 84' lang='lat' dir='ltr'>dr</span> <span class='ocrx_word' id='word_1_20' title='bbox 197 1124 341 1201; x_wconf 73' lang='lat' dir='ltr'>muium</span> <span class='ocrx_word' id='word_1_21' title='bbox 373 1126 572 1227; x_wconf 80' lang='lat' dir='ltr'>sempiterni</span> <span class='ocrx_word' id='word_1_22' title='bbox 600 1138 742 1215; x_wconf 88' lang='lat' dir='ltr'>motus,</span> <span class='ocrx_word' id='word_1_23' title='bbox 775 1150 847 1223; x_wconf 87' lang='lat' dir='ltr'>quo</span> <span class='ocrx_word' id='word_1_24' title='bbox 880 1128 927 1205; x_wconf 88' lang='lat' dir='ltr'>ad</span> <span class='ocrx_word' id='word_1_25' title='bbox 1067 1124 1071 1129; x_wconf 74' lang='grc'><strong>’</strong></span> 
     </span>
     <span class='ocr_line' id='line_1_6' title="bbox 126 1224 928 1323; baseline 0.006 -24"><span class='ocrx_word' id='word_1_26' title='bbox 126 1246 144 1299; x_wconf 88' lang='grc' dir='ltr'>ι</span> <span class='ocrx_word' id='word_1_27' title='bbox 162 1224 334 1311; x_wconf 79' lang='lat' dir='ltr'>cientur,</span> <span class='ocrx_word' id='word_1_28' title='bbox 358 1228 501 1323; x_wconf 89' lang='lat' dir='ltr'>ptopter</span> <span class='ocrx_word' id='word_1_29' title='bbox 515 1224 612 1321; x_wconf 88' lang='lat' dir='ltr'>quod</span> <span class='ocrx_word' id='word_1_30' title='bbox 626 1224 736 1301; x_wconf 86' lang='lat' dir='ltr'>etiam</span> <span class='ocrx_word' id='word_1_31' title='bbox 753 1239 928 1323; x_wconf 73' lang='lat' dir='ltr'>pennatos</span> 
     </span>
     <span class='ocr_line' id='line_1_7' title="bbox 126 1320 925 1421; baseline 0.004 -22"><span class='ocrx_word' id='word_1_32' title='bbox 126 1322 434 1421; x_wconf 77' lang='lat' dir='ltr'>hteiiigentiamm</span> <span class='ocrx_word' id='word_1_33' title='bbox 455 1324 567 1421; x_wconf 84' lang='lat' dir='ltr'>pedes</span> <span class='ocrx_word' id='word_1_34' title='bbox 594 1320 787 1419; x_wconf 83' lang='lat' dir='ltr'>Theologia</span> <span class='ocrx_word' id='word_1_35' title='bbox 810 1320 925 1402; x_wconf 83' lang='lat' dir='ltr'>tinxit.</span> 
     </span>
     <span class='ocr_line' id='line_1_8' title="bbox 126 1420 927 1521; baseline 0.002 -22"><span class='ocrx_word' id='word_1_36' title='bbox 126 1420 336 1521; x_wconf 71' lang='lat' dir='ltr'>aliquidem</span> <span class='ocrx_word' id='word_1_37' title='bbox 358 1421 516 1498; x_wconf 82' lang='lat' dir='ltr'>declarat</span> <span class='ocrx_word' id='word_1_38' title='bbox 533 1422 579 1495; x_wconf 88' lang='lat' dir='ltr'>ad</span> <span class='ocrx_word' id='word_1_39' title='bbox 597 1421 752 1497; x_wconf 82' lang='lat' dir='ltr'>sublimia</span> <span class='ocrx_word' id='word_1_40' title='bbox 772 1422 927 1501; x_wconf 85' lang='lat' dir='ltr'>docendi</span> 
     </span>
     <span class='ocr_line' id='line_1_9' title="bbox 126 1520 928 1607; baseline 0.001 -9"><span class='ocrx_word' id='word_1_41' title='bbox 126 1520 272 1607; x_wconf 73' lang='lat' dir='ltr'>torem,</span> <span class='ocrx_word' id='word_1_42' title='bbox 300 1523 337 1598; x_wconf 85' lang='lat' dir='ltr'>dr</span> <span class='ocrx_word' id='word_1_43' title='bbox 354 1522 505 1596; x_wconf 87' lang='lat' dir='ltr'>coeleitis</span> <span class='ocrx_word' id='word_1_44' title='bbox 524 1520 612 1595; x_wconf 87' lang='lat' dir='ltr'>virae</span> <span class='ocrx_word' id='word_1_45' title='bbox 638 1520 774 1597; x_wconf 87' lang='lat' dir='ltr'>cursum</span> <span class='ocrx_word' id='word_1_46' title='bbox 799 1524 847 1597; x_wconf 86' lang='lat' dir='ltr'>ad</span> <span class='ocrx_word' id='word_1_47' title='bbox 865 1545 928 1599; x_wconf 87' lang='lat' dir='ltr'>arr·</span> 
     </span>
     <span class='ocr_line' id='line_1_10' title="bbox 126 1618 926 1719; baseline 0.001 -23"><span class='ocrx_word' id='word_1_48' title='bbox 126 1620 315 1717; x_wconf 73' lang='lat' dir='ltr'>miemper</span> <span class='ocrx_word' id='word_1_49' title='bbox 339 1630 448 1719; x_wconf 81' lang='lat' dir='ltr'>atque</span> <span class='ocrx_word' id='word_1_50' title='bbox 469 1618 610 1694; x_wconf 79' lang='lat' dir='ltr'>ceifiora</span> <span class='ocrx_word' id='word_1_51' title='bbox 640 1632 926 1717; x_wconf 76' lang='lat' dir='ltr'>promoventem,</span> 
     </span>
     <span class='ocr_line' id='line_1_11' title="bbox 126 1716 925 1819; baseline 0.006 -27"><span class='ocrx_word' id='word_1_52' title='bbox 126 1719 372 1819; x_wconf 76' lang='lat' dir='ltr'>perapetendo</span> <span class='ocrx_word' id='word_1_53' title='bbox 396 1731 536 1795; x_wconf 87' lang='lat' dir='ltr'>terrena</span> <span class='ocrx_word' id='word_1_54' title='bbox 554 1716 801 1815; x_wconf 77' lang='lat' dir='ltr'><strong>fugientem...</strong></span> <span class='ocrx_word' id='word_1_55' title='bbox 847 1718 925 1797; x_wconf 84' lang='lat' dir='ltr'>Nu·</span> 
     </span>
     <span class='ocr_line' id='line_1_12' title="bbox 126 1816 1049 1917; baseline 0 -24"><span class='ocrx_word' id='word_1_56' title='bbox 126 1836 247 1905; x_wconf 82' lang='lat' dir='ltr'>rtero,</span> <span class='ocrx_word' id='word_1_57' title='bbox 272 1818 543 1917; x_wconf 76' lang='lat' dir='ltr'>mimorumque</span> <span class='ocrx_word' id='word_1_58' title='bbox 573 1816 724 1913; x_wconf 80' lang='lat' dir='ltr'><strong>privatio</strong></span> <span class='ocrx_word' id='word_1_59' title='bbox 754 1816 924 1895; x_wconf 84' lang='lat' dir='ltr'>virtutem</span> <span class='ocrx_word' id='word_1_60' title='bbox 1043 1862 1049 1893; x_wconf 69' lang='grc' dir='ltr'>ι</span> 
     </span>
     <span class='ocr_line' id='line_1_13' title="bbox 126 1916 922 2013; baseline 0 -20"><span class='ocrx_word' id='word_1_61' title='bbox 126 1916 363 2004; x_wconf 70' lang='lat' dir='ltr'>rostratam,</span> <span class='ocrx_word' id='word_1_62' title='bbox 388 1918 427 1993; x_wconf 82' lang='lat' dir='ltr'>dt</span> <span class='ocrx_word' id='word_1_63' title='bbox 454 1916 686 2013; x_wconf 79' lang='lat' dir='ltr'>expeditam,</span> <span class='ocrx_word' id='word_1_64' title='bbox 737 1920 922 2013; x_wconf 80' lang='lat' dir='ltr'>&amp;puram</span> 
     </span>
    </p>

    <p class='ocr_par' dir='ltr' id='par_1_4' title="bbox 126 2016 924 2211">
     <span class='ocr_line' id='line_1_14' title="bbox 126 2016 924 2111; baseline 0 -18"><span class='ocrx_word' id='word_1_65' title='bbox 126 2016 184 2093; x_wconf 79' lang='lat' dir='ltr'>ont</span> <span class='ocrx_word' id='word_1_66' title='bbox 208 2028 362 2091; x_wconf 84' lang='lat' dir='ltr'>externo</span> <span class='ocrx_word' id='word_1_67' title='bbox 394 2016 656 2102; x_wconf 87' lang='lat' dir='ltr'>additamento,</span> <span class='ocrx_word' id='word_1_68' title='bbox 683 2036 767 2111; x_wconf 85' lang='lat' dir='ltr'>quae</span> <span class='ocrx_word' id='word_1_69' title='bbox 791 2016 924 2095; x_wconf 76' lang='lat' dir='ltr'>ditiore</span> 
     </span>
     <span class='ocr_line' id='line_1_15' title="bbox 126 2114 868 2211; baseline -0.005 -18"><span class='ocrx_word' id='word_1_70' title='bbox 126 2114 255 2201; x_wconf 69' lang='lat' dir='ltr'>temti,</span> <span class='ocrx_word' id='word_1_71' title='bbox 282 2125 457 2211; x_wconf 83' lang='lat' dir='ltr'>quantum</span> <span class='ocrx_word' id='word_1_72' title='bbox 469 2114 528 2189; x_wconf 79' lang='lat' dir='ltr'>fas</span> <span class='ocrx_word' id='word_1_73' title='bbox 543 2114 603 2202; x_wconf 87' lang='lat' dir='ltr'>est,</span> <span class='ocrx_word' id='word_1_74' title='bbox 622 2114 868 2203; x_wconf 70' lang='lat' dir='ltr'>mimitatur„</span> 
     </span>
    </p>
   </div>
   <div class='ocr_carea' id='block_1_4' title="bbox 126 2250 1165 3543">
    <p class='ocr_par' dir='ltr' id='par_1_5' title="bbox 126 2250 1165 2651">
     <span class='ocr_line' id='line_1_16' title="bbox 126 2250 1046 2358; baseline -0.001 -25"><span class='ocrx_word' id='word_1_75' title='bbox 126 2258 315 2335; x_wconf 80' lang='lat' dir='ltr'>‚Ulterius</span> <span class='ocrx_word' id='word_1_76' title='bbox 347 2258 386 2335; x_wconf 91' lang='lat' dir='ltr'>S.</span> <span class='ocrx_word' id='word_1_77' title='bbox 401 2255 590 2355; x_wconf 75' lang='lat' dir='ltr'>Dionysius</span> <span class='ocrx_word' id='word_1_78' title='bbox 615 2258 729 2333; x_wconf 83' lang='lat' dir='ltr'>vestes</span> <span class='ocrx_word' id='word_1_79' title='bbox 751 2258 922 2358; x_wconf 75' lang='lat' dir='ltr'>exputat,</span> <span class='ocrx_word' id='word_1_80' title='bbox 943 2250 1046 2343; x_wconf 72' lang='lat' dir='ltr'>Veste.</span> 
     </span>
     <span class='ocr_line' id='line_1_17' title="bbox 126 2356 1165 2457; baseline -0.001 -24"><span class='ocrx_word' id='word_1_81' title='bbox 126 2358 250 2457; x_wconf 71' lang='lat' dir='ltr'>tegetis</span> <span class='ocrx_word' id='word_1_82' title='bbox 269 2358 307 2434; x_wconf 87' lang='lat' dir='ltr'>in</span> <span class='ocrx_word' id='word_1_83' title='bbox 324 2356 362 2431; x_wconf 87' lang='lat' dir='ltr'>S.</span> <span class='ocrx_word' id='word_1_84' title='bbox 373 2356 556 2453; x_wconf 84' lang='lat' dir='ltr'>Scriptura</span> <span class='ocrx_word' id='word_1_85' title='bbox 570 2358 792 2444; x_wconf 88' lang='lat' dir='ltr'>tribuuntur,</span> <span class='ocrx_word' id='word_1_86' title='bbox 810 2360 845 2434; x_wconf 78' lang='lat' dir='ltr'>dt</span> <span class='ocrx_word' id='word_1_87' title='bbox 863 2356 924 2433; x_wconf 80' lang='lat' dir='ltr'>ait.</span> <span class='ocrx_word' id='word_1_88' title='bbox 1162 2438 1165 2443; x_wconf 67' lang='grc'>,</span> 
     </span>
     <span class='ocr_line' id='line_1_18' title="bbox 126 2455 1087 2553; baseline -0.002 -20"><span class='ocrx_word' id='word_1_89' title='bbox 126 2456 360 2553; x_wconf 79' lang='lat' dir='ltr'>iamquiderri</span> <span class='ocrx_word' id='word_1_90' title='bbox 375 2457 504 2533; x_wconf 84' lang='lat' dir='ltr'>vestem</span> <span class='ocrx_word' id='word_1_91' title='bbox 517 2458 730 2553; x_wconf 85' lang='lat' dir='ltr'>igneamque</span> <span class='ocrx_word' id='word_1_92' title='bbox 757 2455 924 2551; x_wconf 72' lang='lat' dir='ltr'>fignifica·</span> <span class='ocrx_word' id='word_1_93' title='bbox 1084 2458 1087 2463; x_wconf 82' lang='grc'><strong>’</strong></span> 
     </span>
     <span class='ocr_line' id='line_1_19' title="bbox 126 2552 924 2651; baseline 0 -20"><span class='ocrx_word' id='word_1_94' title='bbox 126 2555 232 2634; x_wconf 77' lang='lat' dir='ltr'>bitror</span> <span class='ocrx_word' id='word_1_95' title='bbox 249 2554 524 2631; x_wconf 82' lang='lat' dir='ltr'>deiformitatem</span> <span class='ocrx_word' id='word_1_96' title='bbox 547 2578 593 2628; x_wconf 85' lang='lat' dir='ltr'>ex</span> <span class='ocrx_word' id='word_1_97' title='bbox 616 2556 709 2651; x_wconf 80' lang='lat' dir='ltr'>ignis</span> <span class='ocrx_word' id='word_1_98' title='bbox 731 2552 924 2631; x_wconf 75' lang='lat' dir='ltr'>tortitudi-</span> 
     </span>
    </p>

    <p class='ocr_par' dir='ltr' id='par_1_6' title="bbox 126 2653 926 2751">
     <span class='ocr_line' id='line_1_20' title="bbox 126 2653 926 2751; baseline -0.005 -18"><span class='ocrx_word' id='word_1_99' title='bbox 126 2656 245 2735; x_wconf 79' lang='lat' dir='ltr'>itvim</span> <span class='ocrx_word' id='word_1_100' title='bbox 269 2653 462 2732; x_wconf 83' lang='lat' dir='ltr'>illustrandi</span> <span class='ocrx_word' id='word_1_101' title='bbox 485 2666 627 2751; x_wconf 89' lang='lat' dir='ltr'>propter</span> <span class='ocrx_word' id='word_1_102' title='bbox 649 2654 732 2728; x_wconf 85' lang='lat' dir='ltr'>coeii</span> <span class='ocrx_word' id='word_1_103' title='bbox 755 2654 926 2751; x_wconf 83' lang='lat' dir='ltr'>tranquil·</span> 
     </span>
    </p>

    <p class='ocr_par' dir='ltr' id='par_1_7' title="bbox 126 2752 1022 2939">
     <span class='ocr_line' id='line_1_21' title="bbox 126 2752 1022 2851; baseline -0.003 -22"><span class='ocrx_word' id='word_1_104' title='bbox 126 2776 177 2843; x_wconf 86' lang='lat' dir='ltr'>m,</span> <span class='ocrx_word' id='word_1_105' title='bbox 203 2752 269 2829; x_wconf 81' lang='lat' dir='ltr'>oti</span> <span class='ocrx_word' id='word_1_106' title='bbox 295 2754 357 2829; x_wconf 81' lang='lat' dir='ltr'>iux</span> <span class='ocrx_word' id='word_1_107' title='bbox 378 2754 447 2841; x_wconf 83' lang='lat' dir='ltr'>eit,</span> <span class='ocrx_word' id='word_1_108' title='bbox 478 2756 514 2829; x_wconf 80' lang='lat' dir='ltr'>dr</span> <span class='ocrx_word' id='word_1_109' title='bbox 541 2753 638 2851; x_wconf 88' lang='lat' dir='ltr'>quod</span> <span class='ocrx_word' id='word_1_110' title='bbox 660 2752 804 2827; x_wconf 78' lang='lat' dir='ltr'>omnino</span> <span class='ocrx_word' id='word_1_111' title='bbox 831 2753 925 2850; x_wconf 82' lang='lat' dir='ltr'>spiri·</span> <span class='ocrx_word' id='word_1_112' title='bbox 1016 2826 1022 2836; x_wconf 80' lang='grc'><strong>,</strong></span> 
     </span>
     <span class='ocr_line' id='line_1_22' title="bbox 126 2850 922 2939; baseline -0.005 -8"><span class='ocrx_word' id='word_1_113' title='bbox 126 2852 335 2939; x_wconf 69' lang='grc' dir='ltr'>ῐίΙΙυίίῐαῑ,</span> <span class='ocrx_word' id='word_1_114' title='bbox 372 2856 409 2929; x_wconf 79' lang='lat' dir='ltr'>dr</span> <span class='ocrx_word' id='word_1_115' title='bbox 446 2852 653 2927; x_wconf 84' lang='lat' dir='ltr'>iilustratur:</span> <span class='ocrx_word' id='word_1_116' title='bbox 699 2850 922 2928; x_wconf 75' lang='lat' dir='ltr'>pontificiam</span> 
     </span>
    </p>

    <p class='ocr_par' dir='ltr' id='par_1_8' title="bbox 126 2950 919 3061">
     <span class='ocr_line' id='line_1_23' title="bbox 126 2950 919 3061; baseline -0.003 -32"><span class='ocrx_word' id='word_1_117' title='bbox 126 2952 215 3061; x_wconf 74' lang='lat' dir='ltr'>oid,</span> <span class='ocrx_word' id='word_1_118' title='bbox 242 2951 341 3050; x_wconf 85' lang='lat' dir='ltr'>quod</span> <span class='ocrx_word' id='word_1_119' title='bbox 358 2953 403 3027; x_wconf 90' lang='lat' dir='ltr'>ad</span> <span class='ocrx_word' id='word_1_120' title='bbox 420 2951 540 3027; x_wconf 82' lang='lat' dir='ltr'>divina</span> <span class='ocrx_word' id='word_1_121' title='bbox 553 2950 769 3047; x_wconf 79' lang='lat' dir='ltr'>mysticaque</span> <span class='ocrx_word' id='word_1_122' title='bbox 791 2950 919 3041; x_wconf 76' lang='lat' dir='ltr'>petra-</span> 
     </span>
    </p>

    <p class='ocr_par' dir='ltr' id='par_1_9' title="bbox 126 3050 916 3147">
     <span class='ocr_line' id='line_1_24' title="bbox 126 3050 916 3147; baseline -0.015 -18"><span class='ocrx_word' id='word_1_123' title='bbox 126 3052 315 3139; x_wconf 81' lang='lat' dir='ltr'>tondueit,</span> <span class='ocrx_word' id='word_1_124' title='bbox 347 3061 534 3147; x_wconf 87' lang='lat' dir='ltr'>totamque</span> <span class='ocrx_word' id='word_1_125' title='bbox 573 3052 683 3127; x_wconf 81' lang='lat' dir='ltr'>vitam</span> <span class='ocrx_word' id='word_1_126' title='bbox 727 3050 916 3125; x_wconf 85' lang='lat' dir='ltr'>consecrat.</span> 
     </span>
    </p>

    <p class='ocr_par' dir='ltr' id='par_1_10' title="bbox 126 3138 1135 3345">
     <span class='ocr_line' id='line_1_25' title="bbox 126 3138 1135 3227; baseline -0.007 0"><span class='ocrx_word' id='word_1_127' title='bbox 126 3165 289 3227; x_wconf 77' lang='lat' dir='ltr'>tantem</span> <span class='ocrx_word' id='word_1_128' title='bbox 334 3148 402 3223; x_wconf 81' lang='lat' dir='ltr'>etse</span> <span class='ocrx_word' id='word_1_129' title='bbox 429 3149 601 3223; x_wconf 88' lang='lat' dir='ltr'>virtutum</span> <span class='ocrx_word' id='word_1_130' title='bbox 627 3146 820 3222; x_wconf 85' lang='lat' dir='ltr'>custodiam</span> <span class='ocrx_word' id='word_1_131' title='bbox 847 3148 917 3222; x_wconf 86' lang='lat' dir='ltr'>foe·</span> <span class='ocrx_word' id='word_1_132' title='bbox 933 3138 1039 3211; x_wconf 67' lang='grc' dir='ltr'>ΖΜ·</span> <span class='ocrx_word' id='word_1_133' title='bbox 1128 3138 1135 3159; x_wconf 82' lang='grc'><em>“</em></span> 
     </span>
     <span class='ocr_line' id='line_1_26' title="bbox 126 3246 921 3345; baseline -0.003 -22"><span class='ocrx_word' id='word_1_134' title='bbox 126 3272 240 3335; x_wconf 80' lang='lat' dir='ltr'>trum,</span> <span class='ocrx_word' id='word_1_135' title='bbox 263 3268 459 3345; x_wconf 83' lang='lat' dir='ltr'>earumque</span> <span class='ocrx_word' id='word_1_136' title='bbox 474 3248 636 3323; x_wconf 89' lang='lat' dir='ltr'>habitum</span> <span class='ocrx_word' id='word_1_137' title='bbox 650 3246 845 3333; x_wconf 76' lang='lat' dir='ltr'>collettum,</span> <span class='ocrx_word' id='word_1_138' title='bbox 858 3247 921 3343; x_wconf 90' lang='lat' dir='ltr'>qui</span> 
     </span>
    </p>

    <p class='ocr_par' dir='ltr' id='par_1_11' title="bbox 126 3343 919 3445">
     <span class='ocr_line' id='line_1_27' title="bbox 126 3343 919 3445; baseline -0.008 -21"><span class='ocrx_word' id='word_1_139' title='bbox 126 3348 276 3445; x_wconf 82' lang='lat' dir='ltr'>metipso</span> <span class='ocrx_word' id='word_1_140' title='bbox 306 3345 521 3441; x_wconf 79' lang='lat' dir='ltr'>dagatariter</span> <span class='ocrx_word' id='word_1_141' title='bbox 547 3344 736 3421; x_wconf 84' lang='lat' dir='ltr'>conversus</span> <span class='ocrx_word' id='word_1_142' title='bbox 773 3343 919 3419; x_wconf 87' lang='lat' dir='ltr'>circuio·</span> 
     </span>
    </p>

    <p class='ocr_par' dir='ltr' id='par_1_12' title="bbox 126 3442 922 3543">
     <span class='ocr_line' id='line_1_28' title="bbox 126 3442 922 3543; baseline -0.006 -19"><span class='ocrx_word' id='word_1_143' title='bbox 126 3448 292 3523; x_wconf 79' lang='lat' dir='ltr'>oncinoo</span> <span class='ocrx_word' id='word_1_144' title='bbox 309 3444 487 3543; x_wconf 85' lang='lat' dir='ltr'>indiffipr-rti</span> <span class='ocrx_word' id='word_1_145' title='bbox 505 3444 693 3519; x_wconf 84' lang='lat' dir='ltr'>identitate</span> <span class='ocrx_word' id='word_1_146' title='bbox 713 3442 922 3541; x_wconf 64' lang='lat' dir='ltr'>conjunctus</span> 
     </span>
    </p>
   </div>
   <div class='ocr_carea' id='block_1_5' title="bbox 126 3656 1056 4253">
    <p class='ocr_par' dir='ltr' id='par_1_13' title="bbox 126 3656 1056 4253">
     <span class='ocr_line' id='line_1_29' title="bbox 147 3656 1056 3758; baseline -0.01 -14"><span class='ocrx_word' id='word_1_147' title='bbox 147 3664 334 3744; x_wconf 83' lang='lat' dir='ltr'>Praeterea</span> <span class='ocrx_word' id='word_1_148' title='bbox 352 3664 486 3743; x_wconf 81' lang='lat' dir='ltr'>diversa</span> <span class='ocrx_word' id='word_1_149' title='bbox 509 3660 736 3738; x_wconf 75' lang='lat' dir='ltr'>instrumenta</span> <span class='ocrx_word' id='word_1_150' title='bbox 752 3660 919 3758; x_wconf 84' lang='lat' dir='ltr'>exponit,</span> <span class='ocrx_word' id='word_1_151' title='bbox 939 3656 1056 3744; x_wconf 58' lang='lat' dir='ltr'>Vtram</span> 
     </span>
     <span class='ocr_line' id='line_1_30' title="bbox 126 3761 922 3863; baseline -0.005 -20"><span class='ocrx_word' id='word_1_152' title='bbox 126 3766 250 3863; x_wconf 81' lang='lat' dir='ltr'>mgeiis</span> <span class='ocrx_word' id='word_1_153' title='bbox 271 3763 535 3839; x_wconf 86' lang='lat' dir='ltr'>attribuuntur.</span> <span class='ocrx_word' id='word_1_154' title='bbox 568 3764 605 3836; x_wconf 79' lang='lat' dir='ltr'>dr</span> <span class='ocrx_word' id='word_1_155' title='bbox 632 3761 701 3835; x_wconf 89' lang='lat' dir='ltr'>ait:</span> <span class='ocrx_word' id='word_1_156' title='bbox 736 3814 760 3847; x_wconf 87' lang='lat'>,‚</span> <span class='ocrx_word' id='word_1_157' title='bbox 777 3762 922 3859; x_wconf 83' lang='lat' dir='ltr'>Virgam</span> 
     </span>
     <span class='ocr_line' id='line_1_31' title="bbox 126 3860 921 3960; baseline -0.01 -19"><span class='ocrx_word' id='word_1_158' title='bbox 126 3888 203 3941; x_wconf 81' lang='lat' dir='ltr'>rare</span> <span class='ocrx_word' id='word_1_159' title='bbox 232 3862 396 3960; x_wconf 84' lang='lat' dir='ltr'>regiam,</span> <span class='ocrx_word' id='word_1_160' title='bbox 433 3864 469 3937; x_wconf 81' lang='lat' dir='ltr'>dr</span> <span class='ocrx_word' id='word_1_161' title='bbox 497 3861 660 3934; x_wconf 83' lang='lat' dir='ltr'>ducalem</span> <span class='ocrx_word' id='word_1_162' title='bbox 693 3860 921 3956; x_wconf 81' lang='lat' dir='ltr'>dignitatern,</span> 
     </span>
     <span class='ocr_line' id='line_1_32' title="bbox 126 3959 920 4063; baseline -0.009 -22"><span class='ocrx_word' id='word_1_163' title='bbox 126 3986 227 4063; x_wconf 82' lang='lat' dir='ltr'>nque</span> <span class='ocrx_word' id='word_1_164' title='bbox 262 3983 383 4038; x_wconf 82' lang='lat' dir='ltr'>return</span> <span class='ocrx_word' id='word_1_165' title='bbox 419 3961 616 4038; x_wconf 83' lang='lat' dir='ltr'>divinarum</span> <span class='ocrx_word' id='word_1_166' title='bbox 649 3959 920 4035; x_wconf 81' lang='lat' dir='ltr'>oromationem.</span> 
     </span>
     <span class='ocr_line' id='line_1_33' title="bbox 126 4056 920 4144; baseline -0.011 -5"><span class='ocrx_word' id='word_1_167' title='bbox 126 4088 148 4139; x_wconf 79' lang='lat' dir='ltr'>a</span> <span class='ocrx_word' id='word_1_168' title='bbox 179 4062 387 4141; x_wconf 83' lang='lat' dir='ltr'>&amp;secures</span> <span class='ocrx_word' id='word_1_169' title='bbox 416 4061 491 4138; x_wconf 80' lang='lat' dir='ltr'>tim</span> <span class='ocrx_word' id='word_1_170' title='bbox 522 4056 691 4134; x_wconf 84' lang='lat' dir='ltr'>diffimilia</span> <span class='ocrx_word' id='word_1_171' title='bbox 719 4056 920 4144; x_wconf 82' lang='lat' dir='ltr'>dividendi,</span> 
     </span>
     <span class='ocr_line' id='line_1_34' title="bbox 126 4154 922 4253; baseline -0.013 -18"><span class='ocrx_word' id='word_1_172' title='bbox 126 4166 314 4253; x_wconf 60' lang='lat' dir='ltr'>&#39;Aealpfir</span> <span class='ocrx_word' id='word_1_173' title='bbox 332 4164 457 4230; x_wconf 77' lang='lat' dir='ltr'>Teml.</span> <span class='ocrx_word' id='word_1_174' title='bbox 603 4154 638 4229; x_wconf 86' lang='lat' dir='ltr'>K</span> <span class='ocrx_word' id='word_1_175' title='bbox 826 4155 922 4247; x_wconf 82' lang='lat' dir='ltr'>„vir-</span> 
     </span>
    </p>
   </div>
   <div class='ocr_carea' id='block_1_6' title="bbox 0 0 1178 4748">
    <p class='ocr_par' dir='ltr' id='par_1_14' title="bbox 0 0 1178 4748">
     <span class='ocr_line' id='line_1_35' title="bbox 0 0 1178 4748; baseline 0 0"><span class='ocrx_word' id='word_1_176' title='bbox 0 0 1178 4748; x_wconf 95' lang='lat' dir='ltr'> </span> 
     </span>
    </p>
   </div>
  </div>
 </body>
</html>
