2348 4748
350 600 497 724 Pastor,
861 622 917 726 2'9
961 666 969 679 ⁵

133 849 141 870 .
158 790 300 871 Candidi
314 798 449 884 intem,
475 797 514 873 dt
529 784 673 872 rotondi
684 788 764 878 soni
779 792 915 873 habena
1049 804 1053 811 ’
1070 862 1073 873 .

126 892 236 991 pidem
261 886 390 983 fidem,
414 897 589 995 habentes
609 907 731 971 autem
760 897 797 972 dt
822 895 915 973 divi·

126 990 211 1088 iujos
230 990 362 1069 saeculi
427 992 521 1070 Com
541 1017 626 1091 ergo
642 993 781 1072 venerit
800 995 913 1070 tribu·
1039 1050 1043 1057 ,

126 1143 131 1176 ‚
149 1104 281 1192 propter
297 1092 443 1170 divitias
459 1090 537 1170 suas
548 1116 568 1182 ,·
586 1095 623 1171 dc
648 1091 927 1190 negotiationes·

126 1207 195 1286 gant,
206 1191 423 1268 Dominum:
449 1216 533 1270 enm
553 1204 677 1268 autem
696 1191 913 1269 circumcisae

126 1304 152 1365 nt
174 1289 309 1367 divitiae
325 1313 480 1380 eornm,
512 1315 598 1390 quae
627 1315 691 1366 eos
714 1292 911 1379 delectant,
992 1344 996 1349 -

128 1388 220 1465 utiles
244 1394 357 1466 erunt
374 1391 530 1467 Domino
551 1392 597 1467 ad
618 1390 822 1467 aedificium.
840 1436 849 1461 .
869 1442 909 1467 ..

126 1488 171 1563 icc
187 1484 290 1586 iong'e
305 1486 452 1585 projecti
475 1514 498 1564 a
521 1490 635 1577 torri,
668 1492 705 1567 dc
724 1499 911 1567 currentes

126 1610 150 1673 ι,
168 1588 203 1665 ἀ
218 1589 266 1664 de
282 1588 341 1666 via
354 1588 486 1666 in'loca
503 1588 667 1678 deserta,
691 1589 715 1666 ii
732 1589 823 1677 sunt,
872 1587 911 1664 ui

126 1688 236 1763 ierunt
259 1687 426 1786 quidem,
457 1689 679 1765 dubitatione
704 1702 826 1764 autem
846 1610 910 1764 ina
1066 1698 1077 1760 “,

126 1798 226 1861 amnt
240 1788 337 1865 viam
345 1784 444 1863 suam
460 1804 593 1875 veram,
609 1798 779 1887 putantes
792 1787 910 1864 seme-

126 1884 258 1960 ntiam
281 1884 376 1983 posse
399 1886 583 1966 invenire:
615 1900 733 1964 errant
766 1903 909 1975 autem,
952 1882 957 1911 ¹

126 1980 289 2085 brisont,
315 1983 556 2083 ingredientes
574 1985 612 2062 in
634 1987 790 2063 deiectas
817 1985 908 2065 vias.

126 2098 217 2159 ntem
234 2083 412 2160 cadebant
426 2085 464 2162 in
486 2086 633 2183 ignem,
658 2086 696 2163 dt
719 2086 909 2172 ardebant,

126 2208 143 2269 ¹‚
164 2182 282 2280 quiin
299 2198 512 2357 Kerpetnum
534 2184 765 2261 abscederent
788 2208 810 2259 a
829 2178 910 2258 Deo

133 2306 200 2357 neo
215 2304 299 2380 amp
312 2282 369 2359 ‘ue
384 2283 452 2359 illis
467 2284 623 2360 ascendit
641 2284 679 2359 in
695 2284 814 2369 corda,
831 2304 910 2379 pne·

126 2382 325 2478 iamagere.·
375 2381 509 2458 caeteri
526 2409 624 2471 vero,
651 2384 712 2480 qui
731 2383 909 2460 cadebant

126 2505 257 2577 aquas,
283 2483 322 2557 dc
340 2505 410 2557 non
427 2497 591 2580 poterant
610 2485 706 2559 volvi
721 2481 759 2559 in
775 2502 908 2578 aquas,

132 2581 196 2678 qui
218 2582 364 2657 verbum
387 2580 577 2656 audierunt
601 2582 763 2656 volentes
794 2579 909 2678 bapti·

126 2680 293 2755 inomine
308 2680 471 2768 Domini,
499 2681 730 2779 quibuscum
750 2682 849 2757 venit
869 2680 906 2754 in
933 2724 935 2728 -

126 2779 231 2854 riain-
262 2778 426 2856 sanititac
469 2780 658 2867 veritatis,
711 2781 906 2861 setrahunt‘

126 2878 332 2975 nbulantque
370 2878 487 2956 rursus
519 2879 601 2981 ,post
635 2876 805 2955 defideria
843 2879 903 2956 sua

126 3004 151 3051 a.

126 3076 313 3152 Praeterea
343 3097 437 3152 anuo
458 3075 552 3155 dista
577 3078 727 3153 Hermae
752 3072 904 3150 ostendit
921 3066 1069 3147 anon.

126 3175 292 3252 mulieres
308 3175 433 3251 turrim
455 3177 722 3273 supportantes,
745 3176 781 3250 dc
799 3174 902 3250 dixit:

126 3332 129 3352 .
149 3296 238 3370 quae
252 3276 413 3352 continet
427 3294 549 3362 mann,
564 3275 653 3349 fides
663 3294 824 3360 vocatur,
842 3296 905 3369 per

126 3376 192 3452 alvi
207 3374 297 3449 fient
315 3372 416 3450 elesii
427 3374 505 3450 Dei.
557 3373 682 3451 Altera
694 3396 792 3460 vero,
818 3398 904 3469 quae

126 3474 248 3561 taest,
262 3477 300 3550 dc
316 3472 555 3571 viriliteragit,
581 3473 789 3550 abstinentia
799 3496 903 3547 voca·

126 3598 194 3651 iaec
210 3570 284 3649 fitia
308 3572 358 3649 est
383 3571 477 3646 fidei.
554 3573 713 3648 Caetetae
746 3571 905 3668 quinque
1064 3582 1067 3589 '

125 3672 339 3849 {misaida
373 3669 907 3850 bistisiaci:

132 3828 352 3951 'abstinentia
379 3867 594 3967 simplicitas,
621 3872 667 3944 de
680 3862 901 3966 fimpl'icitate

126 3974 214 4061 ntia,
239 3971 290 4046 de
309 3969 513 4046 innocentia
527 3969 697 4065 modeib‘a
706 4020 718 4055 ,
749 3968 795 4040 de
823 3989 900 4041 mo·

126 4070 331 4171 disciplina,
357 4069 395 4146 dt
420 4069 587 4146 charitas.
756 4154 790 4242 V

798 4183 900 4237 1s10
