2392 4674
205 502 530 621 DeEccirfioflicn
547 501 788 605 Hierarchiu.
878 521 959 620 183

34 692 164 793 ,epiri
181 691 367 793 impoiitar
381 692 515 771 habeat
528 691 700 783 divinitus
706 691 861 781 traditas
868 690 962 771 Sari·
972 691 1130 779 oasim

34 812 204 897 „puram
233 794 294 871 sed
308 790 433 871 affiiiat
446 792 632 869 Sacerdoti
651 792 891 890 precationem
907 814 961 867 re·
971 790 1035 855 W·
1149 818 1153 827 ·

12 940 15 979 ι
36 890 202 987 Μ,
229 892 407 983 declarat,
434 890 577 967 Ordinis
594 890 776 979 monastici
794 916 866 983 uon
882 888 964 979 eise,

39 994 145 1083 ..flue
158 992 368 1077 adducere,
392 991 451 1067 sed
467 1012 576 1087 perrea
588 989 809 1089 semetipsum
817 1013 966 1083 manen,

12 1090 19 1157 1
46 1104 133 1183 ,m
151 1089 193 1169 in
217 1088 400 1177 solitario,
425 1090 593 1189 sacroque
617 1089 710 1167 statu
732 1088 968 1175 sacerdotales

45 1192 208 1289 „nttoa
224 1188 345 1289 sequi,
382 1192 420 1267 dt
447 1191 493 1267 ab
517 1188 583 1275 iis,
610 1201 782 1289 tanquam
802 1186 967 1275 affectam

12 1314 14 1319 ·
39 1312 203 1379 mm,
229 1290 282 1365 ad
296 1286 453 1366 divinam
470 1288 668 1375 sacrorum,
716 1312 778 1365 naa
794 1288 895 1379 ilium
910 1298 967 1365 tt·
1030 1366 1033 1373 ,

11 1326 224 1489 'Quum
250 1386 430 1465 scientiam
449 1384 553 1479 facile
571 1312 724 1473 traduci

99 1540 164 1611 ⁶0.
191 1528 354 1611 Secundo.
393 1529 538 1625 „Porro
554 1529 743 1609 divisamm
758 1556 832 1609 non
851 1530 961 1609 solnm
980 1538 1119 1625 Quare·

32 1632 237 1727 „vitarum
277 1630 535 1708 verumetiam
560 1630 818 1729 cogitationum
833 1628 1120 1727 renuo-ffliftffl
1181 1674 1185 1685 ·

32 1733 183 1825 „tiatio,
199 1728 481 1831 persediffimam
495 1730 590 1806 illam
604 1732 864 1815 Monaehomm
881 1730 963 1807 Phi·
973 1709 1144 1800 ΜΨ

11 1830 259 1971 1,,1οῐορ1ιὶιω
273 1830 449 1917 declarat,
475 1852 561 1927 quae
574 1852 621 1904 ex
638 1829 850 1907 unificomm
865 1852 966 1907 man·
1077 1824 1081 1831 ’

31 1929 384 2023 „datommicientia
400 1930 587 2006 conflatur.
636 1929 698 2005 Est
712 1931 829 2017 enim,
854 1942 897 2005 ut
913 1928 969 2005 di·

31 2030 116 2123 η11,
148 2054 227 2107 non
249 2028 361 2105 medii
387 2026 532 2111 Ordinis
556 2050 711 2115 eorum,
752 2029 814 2129 qui
836 2028 968 2107 initiati

33 2130 138 2223 ,innt
152 2128 374 2227 Baptizato,
400 2126 458 2203 ted
476 2125 629 2202 ceisroris
646 2128 812 2203 omnibus
826 2126 968 2203 Ordini·
1117 2168 1128 2183 =

34 2232 138 2321 „bu
190 2228 436 2319 Quamobrem
447 2228 560 2302 muita
575 2250 621 2301 ex
636 2226 702 2312 iis,
739 2250 825 2324 quae
846 2250 868 2301 a
892 2248 969 2301 me-

35 2330 119 2419 „dio
129 2326 262 2405 ordine
276 2325 347 2401 iiue
359 2324 629 2424 reprehensione
644 2324 756 2412 fiunt,
777 2323 967 2401 monachis

38 2424 383 2525 ,ffiaiiuguiaribus
400 2423 966 2521 omninointerditiainnttquip-
1038 2466 1043 2479 ·

43 2550 110 2625 „pe
123 2526 181 2625 qni
196 2549 284 2603 cum
301 2549 374 2600 uuo
390 2522 557 2621 conjungi
573 2524 748 2609 debeant,
767 2525 804 2599 dr
816 2546 899 2600 cum
912 2524 965 2600 ia-

44 2648 130 2713 „cra
153 2622 309 2703 monade
340 2624 515 2722 copulari,
551 2626 587 2699 dr
620 2624 666 2697 ad
694 2623 966 2709 sacerdotalem,

41 2736 240 2825 „quantom
262 2722 319 2799 ias
338 2722 406 2809 est,
440 2724 552 2801 vitam
572 2719 773 2809 efformari,
796 2734 968 2819 tanquam

38 2824 121 2925 „qui
148 2848 229 2923 prae
253 2823 398 2899 caeteris
424 2819 575 2896 initiatis
599 2844 681 2897 cum
703 2824 774 2898 hoc
790 2822 913 2903 ordine
927 2822 966 2897 in

38 2976 61 3013 „
83 2922 472 3008 lutimiaconreniunt,
497 2919 742 3018 majoremque
755 2920 966 2997 affinitatem

38 3076 49 3113 ‚
133 3036 212 3101 ent·

103 3150 167 3222 dr.
203 3138 328 3218 Tertio.
360 3138 545 3239 „Signum
566 3162 652 3218 vero
675 3138 810 3221 crucis,
838 3139 891 3215 uti
911 3138 964 3214 di·
983 3138 1141 3224 Quum

41 3248 162 3335 „iium
177 3242 249 3329 est,
273 3236 430 3336 deiignat
445 3239 604 3315 omnium
621 3240 813 3316 camaiium
830 3238 961 3314 defide-
973 3225 1124 3327 ‘Mem‘

42 3344 201 3433 ,norom
225 3338 471 3438 privationem.
520 3337 677 3415 Tonsura
700 3362 803 3437 porro
825 3340 962 3434 capillo
976 3322 1043 3410 '¹⁰2

42 3466 148 3533 „rum
164 3439 279 3521 vitam
309 3436 454 3513 omnino
484 3435 618 3515 iudicat
638 3438 842 3513 nuliatenus
870 3393 1064 3568 foca-siff
1078 3399 1144 3457 Μ’

41 3558 165 3633 „tam,
190 3561 310 3636 neque
326 3536 449 3635 figuris
470 3536 581 3625 fietis,
608 3536 857 3623 adscititiisve,
891 3536 968 3633 qui·

42 3644 138 3729 „nm
158 3638 294 3717 meum
324 3633 534 3712 deformitas
556 3648 723 3733 tegatur,
763 3635 971 3713 calamistra·
1111 3696 1114 3701 .

44 3756 167 3829 ‚,tam,
201 3736 260 3815 iad
281 3758 344 3832 per
360 3735 502 3835 seipsam
517 3758 590 3810 uon
604 3734 771 3812 humanis
788 3758 975 3811 ornamen-

44 3840 140 3931 ‚,tis,
185 3834 246 3912 sed
264 3832 518 3933 singularibus,
553 3858 594 3911 ac
619 3834 759 3913 unificia
783 3833 977 3921 virtutibus

45 3940 119 4031 „ad
132 3938 295 4017 divinam
310 3932 455 4037 penitus
473 3932 759 4011 conformitatem
773 3938 945 4015 evertam.

496 4054 536 4132 Μ
561 4078 587 4150 4
794 4060 852 4131 62.
868 4054 979 4149 Qum·
