2392 4674
170 558 174 565 -
228 498 291 591 De
304 495 446 589 divictis
462 498 710 593 Nomnnsun
853 529 931 621 193

94 678 240 785 dpiam,
269 680 404 783 praeter
426 710 489 771 ea,
523 710 608 783 qrrae
630 688 734 763 nobie
759 680 1086 785 divinituocaptm·

94 784 134 861 io
150 782 237 863 suot
251 786 402 875 eloquiis
418 788 624 871 enuntiata,
642 780 816 883 inquibus
830 787 1085 871 Deusstrocom·

94 882 291 961 inmissum
315 882 672 975 supersubstantialem
696 884 756 961 sibi
774 886 925 977 perseve—
938 876 1076 939 mimi

94 1000 146 1059 ter
161 978 308 1058 insitum
327 982 473 1057 cuilibet
495 981 546 1057 rei
569 986 736 1081 congruis
757 985 932 1077 illumina·
982 978 1011 1021 '¹'
1031 976 1063 1021 ²·

94 1082 189 1159 ibus
211 1082 405 1155 clementer·
432 1093 666 1173 attemperat,
698 1107 766 1161 uec
786 1108 859 1159 uon
885 1084 933 1169 ad

94 1196 203 1257 utam
233 1178 355 1273 saaesi
377 1181 734 1275 contemplationem,
775 1206 820 1257 ac
835 1206 933 1257 com·

94 1278 261 1359 aionem,
288 1276 621 1375 similitudinemque
638 1282 772 1355 sannas
790 1293 934 1356 mentes

94 1378 170 1463 nit,
196 1379 344 1475 quaead
359 1378 489 1475 ipsum,
515 1380 635 1474 quoad
658 1379 821 1475 possunt,
848 1404 933 1454 con·

94 1492 216 1563 tumr,
258 1476 454 1551 dummodo
486 1500 558 1550 non
589 1477 788 1564 subtimes,
821 1494 930 1575 quem

101 1598 236 1651 corum
252 1586 359 1671 captu
379 1575 498 1651 divina
519 1574 589 1651 sert
603 1578 811 1665 issusiratio,
840 1576 932 1653 inso-

94 1696 140 1751 :er
156 1672 293 1771 aliquid
310 1674 536 1770 praesumant.
1155 1744 1159 1749 .

94 1830 98 1845 .
124 1774 371 1859 Quamobrem
396 1786 541 1849 monet:
575 1783 649 1859 „ut
673 1768 821 1850 summae
848 1764 1094 1873 qut-Areon

94 1896 109 1949 ι
123 1870 338 1949 Divinitatis
355 1893 523 1946 arcanum
540 1872 647 1957 issud,
673 1875 769 1969 quod
786 1894 929 1981 omnem
944 1857 1064 1919 Dm

94 1970 318 2069 ssigeutiam,
344 1969 638 2069 substantiamque
651 1972 881 2057 transcendit,
907 1938 1082 2105 affirm
1159 1986 1163 2001 ²

94 2066 241 2149 tatsoue
259 2070 400 2155 vacuis,
432 2064 609 2167 sacrisque
627 2074 759 2145 mentis
782 2094 924 2147 venere·
943 2069 1022 2169 Dens
1038 2114 1103 2172 m,

94 2172 208 2255 ribus,
245 2160 431 2243 ineffabilia
469 2192 553 2245 vero
581 2168 738 2243 modesso
768 2170 924 2267 quodam
935 2186 1070 2255 mades:

94 2272 161 2347 etio
178 2266 455 2364 prosequentes,
485 2268 708 2362 fulgoribus,
742 2270 804 2365 qui
822 2260 926 2341 nobis
956 2294 1029 2356 eg.

94 2368 187 2447 ustis
199 2368 359 2462 Esoquiio
370 2367 552 2463 effulgent,
570 2367 820 2454 attendamus,
838 2389 926 2464 quo·

94 2468 258 2545 tdeiudc
274 2469 354 2541 succ
377 2468 425 2541 ad
445 2466 585 2541 divinos
605 2465 780 2561 Hymnos.
793 2466 925 2541 excite·

94 2590 150 2643 r..
181 2619 193 2641 .
220 2616 229 2635 .
264 2564 324 2640 sid
350 2564 548 2641 beneficum
575 2563 787 2662 Principium
809 2558 927 2659 omnis

94 2664 280 2749 stationis,
302 2680 408 2759 prout
434 2664 545 2759 ipsum
567 2665 615 2738 dc
646 2662 680 2737 se
705 2663 742 2739 in
765 2658 927 2761 Eloquiis

94 2764 209 2847 reffit,
240 2764 523 2838 collaudandum.
551 2812 575 2850 „
627 2760 804 2847 Quaenam
822 2786 926 2859 porro
942 2779 1084 2863 Quanam

94 2864 241 2963 triptuta
267 2862 314 2937 de
337 2863 413 2937 Deo
439 2860 637 2957 exprimat,
667 2862 719 2937 ita
741 2862 899 2937 recenset
914 2885 973 2935 :ex
990 2864 1076 2927 atet-

94 2964 188 3061 1nod
210 2961 370 3036 omnium
397 2958 439 3035 sit
461 2960 582 3047 causa,
610 2964 648 3036 dr
670 2954 789 3057 origo,
816 2956 915 3035 essen-
932 2950 1099 3048 s's¹‘’'⁰‚s‘.

97 3086 165 3147 ue,
191 3084 233 3137 ac
248 3060 340 3145 vita,
369 3062 406 3136 dr
424 3061 492 3134 ase
509 3059 717 3174 dilapsorum
730 3061 921 3145 revocatio,
928 3032 997 3180 53
1008 3030 1099 3115 ‘¹¹s‘4'

94 3159 291 3245 esurresiio,
308 3158 465 3235 divinam
478 3182 562 3234 vero
576 3177 612 3233 m
628 3154 820 3256 semetipsis
835 3158 922 3233 ima·
996 3157 1005 3179 ¹

94 3284 144 3337 nu
164 3258 428 3335 obliterantium
447 3254 629 3334 renovatio
645 3309 657 3343 ,
691 3282 734 3334 ac
754 3256 922 3333 reforma·

118 3380 274 3435 necnon
298 3358 438 3454 impuro
457 3370 560 3433 motu
581 3358 785 3435 nutantium
807 3352 923 3431 sirma·

94 3470 210 3543 itum,
225 3480 269 3532 ac
284 3456 449 3532 stantium
464 3456 648 3542 securitas,
662 3456 707 3535 ad
723 3456 757 3531 se
774 3456 923 3531 tenden-

94 3580 114 3633 n
133 3557 390 3639 manuductio,
422 3554 699 3631 illuminatorum
718 3554 920 3651 illustratio,

94 3654 264 3733 fessorum
300 3648 509 3752 principium
547 3652 767 3751 perficiens,
826 3646 928 3730 desti·

94 3776 191 3833 arum
222 3754 356 3831 summa
389 3752 586 3839 Divinitm,
630 3750 927 3851 simptificatorum

94 3852 245 3939 ascitas,
285 3847 466 3929 unitorum
501 3852 640 3935 unitae,
676 3852 793 3927 omnis
830 3853 924 3949 prin-

94 3957 100 4032 s
133 3950 462 4051 superessentialiter
495 3946 763 4052 supereriginase
795 3952 923 4047 princi·
979 4028 984 4035 ,

94 4084 161 4133 ms
180 4058 321 4155 Asssffls
341 4062 456 4127 Tomsa
610 4048 643 4127 N
751 4136 759 4143 ·
786 4048 922 4147 „pillinc
1054 4088 1059 4095 '
