2348 4748
398 356 428 395 o'l
996 362 1000 369 Ι

119 418 123 423 .
229 454 242 475 ·
334 446 338 457 Ι
979 428 982 433 ,

150 520 157 549 ’
202 556 253 643 orl
275 556 434 644 Graetot
451 550 598 647 Oratio.
781 580 863 673 por

121 788 134 823 ,
164 737 202 816 δι
218 740 333 815 multo
349 739 448 836 plus,
474 761 584 836 qnam
600 738 645 815 ad
667 730 863 817 satietatem
874 778 943 823 rom
969 777 1040 842 pcr-

118 856 201 913 tur:
226 839 277 913 ibi
290 839 369 914 lunt
384 838 532 914 artificio
555 838 727 939 exquisito
754 839 981 929 fanaeooost.

118 958 200 1033 qum
221 938 268 1011 ad
289 953 412 1012 motus
435 939 601 1026 incitant,
635 941 760 1036 quales
783 940 861 1017 lunt
911 948 942 995 ¹¹·
956 947 988 1011 4·

119 1035 334 1117 crcitorum:
361 1039 398 1113 ἃ
422 1037 605 1114 unitiones
629 1038 796 1126 curiosas,
821 1042 860 1117 ἀ

118 1158 253 1220 caneae,
274 1158 361 1233 quae
376 1138 565 1233 unguentis
580 1136 684 1221 liunt,
711 1136 808 1235 quod
822 1140 862 1217 nt
972 1200 976 1209 .

119 1234 164 1307 lie
180 1234 249 1309 dici
258 1234 380 1332 potest,
406 1236 534 1332 quibus
542 1237 659 1334 capita
672 1237 865 1314 redimlun·

119 1340 244 1407 :tanto
263 1333 437 1409 malorum
459 1356 588 1437 acervo
616 1337 868 1414 verecundiam
1016 1366 1023 1373 ·

119 1432 264 1515 crinitis,
290 1432 527 1529 impleturque
543 1433 643 1510 vobis
657 1456 771 1521 meus,
779 1437 868 1513 dum

119 1531 355 1628 emperantia,
381 1534 418 1608 tt
431 1530 637 1628 ,petulantia
658 1534 694 1609 in
717 1533 869 1613 Bacchi«
978 1546 981 1551 '

119 1630 271 1705 temdum
302 1628 457 1707 furorem
490 1632 738 1733 prorumpitis:
771 1634 867 1711 unde

119 1727 248 1804 nbiosrs
288 1729 342 1805 uti
382 1731 629 1809 concubitibus
661 1732 749 1809 loliti
773 1733 867 1810 eliis.

119 1839 269 1903 rautem
287 1828 387 1904 vobis
407 1828 476 1903 lroc
490 1853 659 1927 quoque:
695 1831 788 1916 Quid
802 1844 866 1920 tu,

119 1922 305 2011 iocosis,
330 1926 401 2003 lilio
417 1928 683 2019 tuoluccerrles,
708 1929 871 2027 lrJovem

122 2078 135 2109 ‚
160 2024 448 2113 torinneium,
484 2030 520 2104 &
543 2029 686 2127 nuptias
709 2045 792 2107 tuas
812 2031 869 2106 fu-

120 2126 131 2200 t
148 2124 168 2201 i
192 2144 257 2201 cur
271 2126 368 2201 huno
382 2125 564 2202 inimicum
579 2126 645 2203 effe
660 2128 803 2213 censes,
830 2139 869 2204 at

120 2226 158 2298 ia
171 2237 434 2323 perpetrantem
451 2227 663 2306 veneraris?
690 2249 753 2303 cur
778 2226 867 2302 item

120 2348 154 2399 re
181 2338 246 2399 tua
277 2323 503 2421 expostulas,
530 2326 627 2422 quod
667 2325 868 2424 petulanter

120 2423 370 2507 &libidinole‚
395 2436 433 2498 at
451 2448 616 2501 venerem
640 2426 780 2521 templis
804 2428 870 2503 ho·

120 2530 125 2561 '
166 2521 408 2619 ilcsrqnidem
428 2523 490 2598 ilia
518 2526 562 2597 ab
589 2524 666 2599 allis
696 2526 788 2599 ditia
820 2524 892 2600 es·⁴

120 2621 265 2695 :eulatie
283 2644 382 2697 mera
391 2621 459 2696 elie
476 2621 545 2699 risa
562 2622 714 2711 suitlent,
739 2646 781 2698 ac
796 2647 869 2700 non

165 2720 239 2795 Sed
248 2734 370 2796 contra
380 2720 504 2797 Poetae
513 2722 616 2799 veliti
632 2726 714 2799 haec
722 2738 869 2809 canunt,

121 2834 231 2895 imant
253 2843 314 2906 ea,
340 2841 425 2916 quae
449 2821 545 2919 apud
570 2846 644 2901 ros·
662 2824 741 2901 lunt
763 2822 870 2899 hillo·

121 3014 238 3113 tplofis
260 3016 470 3114 gentilitatis
496 3017 653 3107 labellis,
680 3022 717 3097 ἃ
741 3018 867 3117 spurci-
884 3029 1019 3108 tirinia-

121 3116 244 3191 rstinus
267 3117 468 3193 christianae
490 3118 681 3215 Religionis
707 3118 925 3217 praestan-w
942 3119 1023 3218 itell-

121 3216 328 3292 imitandum
344 3214 533 3313 gentilibus
552 3218 717 3316 proponit
734 3218 865 3330 dicens,
877 3207 975 3285 plenu

121 3288 1026 3513 tirannicam,turritilli*

122 3516 191 3590 bus
233 3513 429 3600 docemini,
458 3517 494 3590 δι
520 3516 629 3612 Regis
653 3516 868 3612 corruptioni
923 3479 952 3524 ι
969 3478 1001 3542 ⁵⁸

122 3613 206 3689 roxii
226 3612 389 3689 notitiam
407 3616 540 3712 cupite,
565 3614 781 3713 minimeque
806 3616 869 3709 he-

121 3736 161 3785 os
186 3712 385 3807 agnoscite,
422 3713 483 3810 qui
520 3715 642 3788 caedcs
667 3727 808 3811 patrant
831 3716 869 3791 ln

123 3835 158 3885 m
190 3812 303 3886 turba.
365 3811 490 3887 Noster
514 3813 609 3887 cuin
635 3812 692 3889 ille
716 3818 868 3901 impera·

122 3914 241 3986 erbum
264 3908 453 3989 Divinum.
487 3915 582 4009 quod
616 3915 718 3986 uobis
740 3914 869 3987 alliduo

140 4036 212 4088 non
235 4012 330 4099 vult,
363 4016 520 4109 corporis
544 4011 804 4097 strenuitatem,
830 4018 867 4088 ὄι

779 4131 866 4198 rone·
