2348 4748
180 568 489 691 lltllcc‘lefiostico
504 532 744 675 fferorcbia.
844 492 928 675 1i3

126 754 275 851 munt,
296 760 358 838 sno
372 760 493 847 omnin
539 756 931 858 ropterluturamluam

126 854 316 937 monem
338 861 378 937 in
402 873 484 938 tuto
508 784 584 935 ine
615 857 652 933 in
678 857 735 934 illa
762 857 927 955 perfetta,
1022 874 1026 895 ·
1107 868 1114 877 “

126 964 246 1055 mune
258 960 328 1039 alta
346 1012 358 1047 ,
394 961 432 1036 dc
449 958 681 1035 beatitudine.
732 955 825 1033 Pura
843 980 928 1035 vero
942 956 1109 1060 Κώην]

126 1076 382 1235 fflm'fiqmi
392 1058 528 1234 gusti,
553 1057 926 1234 qnimqbnsdqogusleartiu
937 1044 1106 1199 ἔτη*

205 1180 262 1233 em
302 1182 364 1235 mu
447 1180 698 1245 amuarun,
827 1181 847 1230 e
910 1200 927 1216 -
1008 1176 1018 1195 ·

126 1252 217 1339 ibt,
252 1254 357 1357 'atque
381 1280 453 1334 nna
475 1267 675 1343 certarunt,
712 1279 775 1352 pro
798 1256 930 1333 divinis

126 1348 217 1431 iebus
258 1356 516 1433 inanimatum
547 1354 740 1432 secundum
771 1355 930 1435 divinam

126 1472 163 1529 Ι
179 1448 342 1533 firmitate
375 1454 437 1532 libi
472 1478 617 1553 quoqne
646 1454 932 1534 resurrettionem

126 1552 236 1631 imtr-
280 1555 421 1631 sanetis
437 1556 534 1630 euim
547 1553 735 1629 animabus
752 1558 930 1651 copulata,

126 1648 219 1731 buin
239 1654 302 1729 bac
319 1654 392 1734 vitu
408 1652 763 1749 conjuntialuerant,
789 1667 831 1731 nt
846 1680 932 1755 quae
1063 1732 1066 1739 ,

126 1745 262 1829 lentini
285 1753 444 1829 membra
467 1753 557 1831 faita
585 1752 675 1840 fiut,
698 1750 932 1843 deiformem,

126 1852 350 1962 motam,
375 1868 484 1951 atque
499 1853 753 1941 immortalem,
776 1855 935 1933 beatam·

126 1964 284 2039 arautem
296 1952 565 2050 consequentur.
929 1954 939 1971 '

126 2104 166 2189 ls-
184 2086 300 2171 Dente
316 2096 433 2174 varios
449 2096 702 2173 haereticorurn
718 2118 855 2171 errores
866 2095 931 2172 cir·
952 2105 1097 2173 maen·
1118 2104 1124 2113 '
1151 2112 1158 2135 ¹

126 2202 240 2271 mltos
258 2197 430 2285 recenset,
453 2220 604 2295 quorum
625 2198 683 2271 alii
705 2193 775 2269 srne
796 2194 1030 2271 rationeroru
1049 2190 1110 2251 ‘i'-
1157 2188 1163 2211 '

126 2304 176 2379 ul,
194 2316 325 2391 corpora
342 2297 476 2383 nostra,
518 2299 554 2373 dt
572 2294 708 2369 animas
730 2295 766 2368 in
782 2294 976 2371 nibilum⁶⁰
988 2293 1069 2337 ''⁸⁰'‘

126 2418 138 2468 r.
160 2392 221 2493 lilii
232 2392 348 2490 ajunt,
371 2418 500 2493 corpus
516 2416 740 2492 nequaquam
753 2368 1019 2491 pollutor-'⁸⁰⁸‘

126 2490 341 2581 iibiitnrum,
366 2496 423 2570 led
440 2494 558 2569 necin
574 2507 752 2568 aeternnm
765 2493 811 2568 ad
831 2492 935 2569 subu-

126 2592 281 2669 bursuom
296 2594 526 2670 reversurum.
580 2592 651 2667 Alii
668 2592 831 2679 censent,
858 2616 936 2670 cor·

126 2714 173 2769 nm
186 2715 333 2767 aereum
346 2693 533 2769 animabus
543 2692 724 2778 futurum,
744 2694 780 2768 dc
795 2716 865 2768 non
882 2717 938 2770 re·

126 2794 241 2869 lorum
257 2792 343 2867 iliud
362 2792 495 2888 ipsum,
522 2793 618 2887 quod
634 2791 742 2865 modo
757 2791 936 2889 gerimus,
985 2822 988 2827 ¹

126 2892 231 2977 ribus,
256 2916 341 2988 quoe
361 2917 432 2965 una
446 2893 685 2976 decertarunt,
709 2889 874 2986 injuriam
893 2892 939 2967 ir·

126 3012 191 3067 res:
218 2990 326 3077 „Alii
350 2992 529 3076 dixerunt,
554 2987 717 3086 praesenti
737 2990 824 3066 vitae
846 2986 940 3065 iimi-

126 3090 240 3167 beatis
265 3089 462 3187 promillam
485 3090 551 3162 elle
574 3087 832 3176 santiiffimam,
854 3089 939 3165 bea·

126 3213 270 3287 tamque
293 3190 442 3275 fortem,
477 3189 649 3283 cibosque
668 3188 758 3268 vitae
781 3187 938 3265 variabili

126 3292 199 3367 rios
214 3292 283 3376 iia,
306 3290 368 3387 qui
392 3288 542 3383 Angelis
567 3289 727 3385 aequales
751 3287 847 3376 suut,
873 3312 937 3361 ne·

140 3390 404 3487 applicuerunt.
455 3388 528 3462 Sed
552 3384 666 3475 ablu,
699 3400 741 3464 ut
766 3410 938 3482 umquam

126 3512 175 3565 :us
194 3488 249 3565 vir
263 3487 440 3585 quispiam
468 3486 505 3561 in
522 3486 720 3563 istiusmodi
734 3509 871 3564 errores
884 3487 938 3563 in·
1094 3526 1097 3533 ·

126 3758 148 3807 t.
169 3730 211 3807 In
231 3728 383 3805 secunda
403 3740 504 3826 parte
525 3727 615 3804 ritus
640 3726 829 3829 sepeliendi
846 3752 935 3808 mor·
953 3732 1101 3819 erucse·

126 3828 355 3915 describitur,
386 3828 516 3905 scilicet
530 3829 686 3914 „contio
711 3830 822 3905 Coetu
844 3830 941 3906 sacro
952 3820 1077 3905 pellendi

126 3950 190 4003 ons
213 3927 393 4015 Antilies,
432 3926 602 4023 srquldem
623 3927 659 4004 in
676 3929 781 4005 sacris
802 3912 1098 4017 fuerat,'”⁰'ss⁸⁰'·

138 4026 370 4116 obdormivit,
402 4040 510 4203 anteM
511 4026 674 4105 divinum
697 4029 825 4107 Altare
842 4029 941 4105 iilum

537 4148 584 4221 δ’
861 4127 942 4217 „in-
